3117 5134
847 492 888 554 38

319 673 384 743 Suo
407 676 514 742 sonitu
534 675 622 759 clarc
643 675 811 769 fulgurivit
830 677 988 762 Juppiter.
1025 675 1153 740 Lucret.
1176 674 1202 754 I,
1229 677 1309 739 1003
1332 673 1415 756 qnod

319 808 423 872 neque
444 788 532 853 clara
554 809 611 853 suc
633 808 820 873 percurrere
841 787 979 853 fulmina
1001 808 1106 852 cursu.
1150 785 1277 850 Lucret.
1298 785 1353 863 Vl,
1376 789 1414 850 82
1470 836 1472 840 .
1557 766 1558 781 ’

319 904 394 965 sunt
416 898 551 965 fulmina
573 899 663 965 clara
686 899 840 965 canenda.
880 900 997 965 Versui
1019 904 1081 964 944
1102 898 1177 964 libri
1199 899 1304 982 quinti
1326 919 1416 963 voca·

317 1011 442 1093 bulum,
477 1012 563 1095 quod
586 1016 634 1078 est
656 1013 774 1093 clerus,
809 1010 1043 1078 restituendum
1065 1010 1192 1077 videtur
1213 1032 1286 1076 curn
1308 1011 1416 1076 Forbi·

319 1142 408 1207 gerot
433 1122 542 1189 Claru'
564 1123 645 1188 citat
668 1122 733 1188 late
756 1122 900 1186 sitientia
921 1121 1028 1187 saecla
1050 1121 1201 1186 ferarum.
1321 1158 1327 1164 ·
1431 1132 1433 1137 '

403 1231 458 1295 Itu
488 1251 560 1296 cum
590 1231 756 1296 adiectivis
784 1235 818 1295 et
837 1229 997 1296 adverbiis
1020 1231 1225 1297 coniunctum
1248 1230 1353 1296 rarius
1374 1233 1416 1297 le·

318 1343 415 1428 gitur.
460 1342 523 1409 Cic.
547 1343 588 1408 ad
612 1344 677 1407 Art.
703 1349 732 1424 7,
756 1347 774 1407 2
798 1342 844 1407 itu
866 1342 949 1409 belle
972 1343 1064 1408 nobis
1085 1342 1175 1408 flavit
1198 1344 1239 1410 ab
1254 1344 1353 1429 Epiro
1374 1345 1417 1410 le-

294 1452 719 1549 nissimusOnchesmites.
765 1453 831 1519 cic.
862 1475 910 1538 pr.
934 1453 1031 1537 Dejot
1057 1458 1096 1518 21
1126 1454 1177 1519 dei
1206 1460 1240 1519 10
1266 1454 1417 1538 perduint
1542 1522 1549 1537 ,

318 1563 460 1649 fugitive,
482 1563 529 1627 itu
551 1585 616 1628 non
638 1565 733 1645 modo
756 1565 920 1648 improbus
935 1570 968 1629 et
983 1564 1101 1643 fatuus,
1124 1564 1180 1630 sed
1195 1564 1293 1629 etiam
1308 1585 1418 1630 amens

269 1727 274 1740 .
319 1695 362 1741 es.
407 1675 470 1741 Sed
491 1696 591 1759 quum
613 1677 661 1741 ita
684 1679 742 1760 (=
766 1682 850 1760 tam)
877 1678 1004 1761 saepius
1030 1676 1205 1760 usurpetur
1225 1697 1298 1741 cum
1319 1676 1418 1760 parti·

318 1788 393 1854 cula
415 1790 566 1873 negativa
588 1791 806 1881 coniunctum,
830 1791 1024 1873 Bernaysius
1045 1789 1141 1873 legit:

447 1900 560 1966 Noenu
582 1900 630 1966 ita
652 1900 708 1965 det
729 1921 864 1985 parvum
887 1901 1026 1966 sonitum
1048 1901 1190 1985 displosa
1210 1904 1353 1984 repente.

407 2013 470 2080 Sed
497 2035 603 2079 noenu
634 2020 667 2079 et
694 2014 822 2097 longius
849 2034 869 2078 a
892 2015 1052 2098 scriptura
1073 2013 1218 2078 codicum
1242 2013 1365 2079 recedit
1386 2019 1418 2079 et

318 2123 460 2190 dubitari
482 2126 581 2189 etiam
602 2124 642 2189 de
663 2125 768 2190 forma
789 2130 896 2209 potest
917 2145 959 2188 an
982 2124 1042 2189 hoc
1064 2124 1133 2189 loco
1149 2122 1332 2188 adhibenda
1353 2144 1417 2188 non
1516 2135 1536 2167 -’

317 2237 368 2301 111.
413 2235 581 2302 Lucretius
608 2237 693 2302 enim
721 2236 780 2302 has
805 2236 926 2303 formas
953 2236 1140 2315 archaicas,
1176 2242 1214 2301 ut
1234 2237 1282 2301 ita
1303 2236 1418 2315 dicam,

317 2350 387 2410 tum
413 2348 585 2432 praecipue
613 2349 741 2413 videtur
766 2369 939 2432 usurpasse
967 2369 1065 2431 quum
1092 2347 1201 2412 valent
1227 2347 1270 2412 ad
1291 2367 1418 2412 versum

319 2454 529 2522 efficiendum.
574 2458 640 2538 III,
676 2463 733 2523 195
762 2480 869 2525 noenu
891 2464 998 2544 potest
1019 2459 1119 2543 igitur
1140 2459 1329 2542 parvissima
1351 2479 1419 2522 cor·

184 2585 186 2591 ·
317 2585 398 2650 pora
419 2587 478 2649 pro
501 2587 598 2650 quarn
619 2574 652 2631 et
674 2589 705 2651 q.
729 2589 752 2633 s.
798 2569 852 2649 IV,
876 2572 939 2632 710
961 2588 1066 2632 noenu
1089 2573 1211 2652 queunt
1225 2567 1329 2633 rabidi
1345 2587 1419 2632 con·

317 2683 371 2742 tra
392 2683 538 2743 constare
560 2677 678 2743 leones.
723 2680 838 2763 Itaque
861 2679 1016 2744 vocabulo
1038 2679 1117 2743 indu
1137 2680 1242 2745 utitur
1261 2685 1314 2745 ut:
1340 2679 1418 2760 „im-

318 2790 447 2875 pedire“
473 2809 564 2854 vessu
588 2789 731 2855 includat
755 2790 778 2870 I,
804 2795 866 2855 240
889 2790 1090 2874 indupedita3
1130 2791 1170 2869 ΙΙ,
1197 2795 1256 2855 102
1285 2791 1418 2874 indupe-

318 2903 396 2982 dita,
418 2902 546 2986 passim.
591 2902 746 2968 Similiter
767 2903 1029 2988 induperatorem
1052 2903 1130 2968 dicit
1151 2924 1210 2987 pro
1225 2903 1419 2987 imperatore

318 3015 357 3094 V,
384 3018 462 3079 1225
487 3015 751 3099 Induperatorem
773 3016 886 3081 classis
906 3036 1003 3099 super
1024 3035 1166 3099 aequora
1187 3016 1295 3080 verrit.

402 3128 634 3192 Hexametrum
657 3127 698 3193 ab
720 3129 824 3193 Ennio
852 3128 940 3211 poesi
964 3127 1100 3193 Latinae
1121 3126 1268 3192 additum
1289 3128 1420 3212 linguae

317 3261 382 3306 non
412 3240 584 3306 admodum
614 3241 888 3306 accommodatum
917 3239 1016 3305 fuisse
1040 3262 1080 3306 ex
1100 3241 1178 3325 ipsis
1200 3262 1332 3307 casuum
1354 3246 1420 3307 ter·

317 3353 549 3420 minationibus
564 3354 778 3419 demonstrari
793 3357 908 3436 potest,
931 3352 971 3417 cf.
981 3354 1074 3419 Kbne
1089 3353 1195 3420 Ueber
1207 3354 1268 3420 den
1281 3355 1418 3440 Sprach-

318 3460 479 3552 gebrauch
502 3465 559 3531 der
580 3469 660 3531 rbm.
683 3465 818 3550 Epiker,
850 3465 996 3531 Miinster
1022 3470 1117 3546 1840,
1150 3468 1205 3551 qui
1233 3466 1343 3532 multis
1365 3489 1420 3532 011-

317 3577 432 3664 emplis
454 3582 611 3661 quantum
633 3580 748 3660 poetae
770 3576 877 3640 versui
898 3574 1072 3641 tribuerint
1094 3576 1211 3642 docuit.
1257 3576 1421 3642 Oreticum

317 3690 465 3776 inprimis
493 3689 598 3754 versui
628 3687 755 3752 heroico
784 3692 1017 3773 repugnantem
1046 3696 1084 3753 ut
1112 3690 1271 3769 vitarent,
1310 3691 1422 3755 omnia

317 3804 384 3870 fere
414 3802 476 3869 sibi
506 3821 689 3866 concessere
716 3807 840 3885 poetae.
886 3802 955 3880 Quo
984 3801 1106 3867 factum
1133 3809 1182 3868 est
1203 3809 1241 3868 ut
1261 3825 1344 3870 nova
1364 3825 1419 3868 vo·

318 3916 435 3983 cabula
456 3913 630 3999 fingerent,
666 3920 776 3979 vetera
798 3914 1016 3980 obliterarent.
1058 3915 1203 3982 Eandem
1226 3916 1266 3982 ob
1288 3934 1422 3982 eausam

318 4030 490 4098 Lucretius
510 4027 668 4094 vocabula
687 4027 782 4093 finxit
804 4027 978 4094 eiusmodi:
1010 4027 1166 4094 differitas
1188 4030 1243 4106 IV,
1268 4033 1330 4095 634
1350 4051 1421 4094 ma-

317 4138 621 4218 ximitas11‚498;
658 4137 819 4222 pestilitas
845 4136 906 4216 VI,
940 4139 1036 4216 1096,
1068 4141 1162 4219 1123,
1193 4141 1285 4204 1130.
1329 4137 1422 4202 Haec

318 4251 407 4337 apud
428 4270 528 4317 unum
551 4249 735 4316 Lucretium
762 4248 930 4333 leguntur3
968 4268 1051 4332 quae
1077 4269 1152 4315 vero
1180 4249 1315 4315 feliciter
1342 4247 1422 4314 ficta

316 4366 420 4444 erant,
442 4360 637 4447 posteriores
659 4359 804 4445 accipere
818 4378 883 4425 non
898 4356 1097 4426 dubitarunt.
1141 4358 1287 4427 Finxisee
1309 4364 1422 4426 autem
