3117 5134
788 400 840 485 '10

269 614 366 696 potita
393 611 573 691 notaverit,
611 608 783 676 dicendum
813 608 884 674 erit.
930 608 1045 675 Varias
1074 606 1190 691 quibus
1217 627 1294 673 usus
1320 613 1370 672 est

269 722 438 789 Lucretius
469 722 718 807 significationes
746 721 913 788 Munroius
942 720 1070 804 collegit
1097 718 1140 785 ad
1170 718 1201 799 Ι,
1229 722 1289 798 59,
1329 739 1368 782 ex

270 835 386 919 quibus
416 836 601 920 saepissime
628 834 797 919 usurpavit
824 833 1001 919 primordia
1027 831 1078 897 vol
1105 851 1211 895 rerum
1233 830 1368 914 primor-

270 946 340 1026 dia,
377 967 512 1030 quorum
533 945 655 1012 vicibus
677 946 709 1011 in
733 947 879 1030 genetivo
902 951 935 1012 et
956 946 1120 1013 dativo-et
1141 943 1299 1023 ablativo,
1331 948 1368 1008 ut

270 1058 324 1141 qui
347 1057 509 1123 Oreticum
530 1057 685 1138 efficiant,
722 1058 869 1142 fungitur
890 1058 1022 1129 verbum
1043 1057 1202 1143 principii.
1247 1055 1367 1123 Verum

267 1169 353 1235 inter
375 1191 483 1235 omnes
504 1170 579 1237 illas
600 1171 850 1256 significationes
872 1193 975 1257 neque
990 1170 1154 1256 proprium
1169 1167 1368 1247 vocabulum,

269 1279 355 1364 quod
378 1285 427 1346 est
449 1283 566 1362 atomi,
603 1303 708 1367 neque
731 1303 866 1366 corpora
893 1282 1078 1363 individua,
1116 1280 1232 1365 quibus
1254 1278 1367 1346 Cicero

267 1411 345 1456 usus
366 1395 425 1470 est,
445 1391 599 1473 invenies,
620 1391 655 1457 id
677 1392 763 1477 quod
785 1394 903 1459 mirum
924 1391 1025 1456 videri
1046 1390 1155 1475 possit.
1201 1388 1300 1455 Cuius
1320 1390 1368 1455 rei

268 1523 366 1568 causa
388 1502 516 1569 videtur
536 1504 570 1590 in
593 1525 630 1570 eo
652 1505 715 1569 sita
737 1525 821 1586 esse,
851 1505 937 1588 quod
958 1503 1126 1569 Lucretius
1148 1523 1282 1588 corpora
1303 1503 1368 1587 pri·

267 1636 322 1681 ma
342 1637 407 1682 non
432 1621 500 1682 tam
521 1617 689 1683 individua
710 1640 808 1703 quam
828 1623 1016 1685 cunctarum
1030 1638 1138 1683 rerum
1153 1616 1285 1682 exordia
1299 1637 1368 1682 esse

268 1730 383 1796 animis
411 1730 567 1797 lectorum
596 1731 758 1798 inculcare
780 1731 892 1798 voluit.
937 1731 1049 1816 Neque
1071 1731 1156 1796 enim
1178 1751 1252 1796 eum
1273 1728 1365 1813 fugit,

267 1847 409 1929 quantae
432 1842 634 1909 difficultates
656 1849 841 1926 orerentur,
882 1843 909 1909 si
930 1843 1003 1928 quis
1023 1843 1134 1927 gravia
1155 1841 1292 1925 ideoque
1313 1863 1367 1906 ex·

268 1958 359 2019 tenta
388 1953 577 2039 corpuscula
608 1959 765 2020 statueret
796 1960 828 2020 et
857 1960 965 2020 tamen
989 1953 1090 2019 dividi
1110 1973 1202 2038 posse
1224 1957 1365 2037 negaret.

266 2067 355 2146 Quae
378 2066 567 2152 corpuscula
590 2088 655 2133 non
677 2067 746 2132 sine
768 2067 856 2134 omni
878 2069 1062 2134 extentione
1077 2088 1145 2133 esse
1160 2071 1294 2151 possunt
1315 2088 1366 2131 ve·

265 2179 326 2244 luti
347 2184 469 2263 puncta
489 2179 790 2246 mathematicorum
812 2186 945 2266 propter
965 2180 1123 2265 pondera,
1153 2179 1269 2264 quibus
1290 2179 1366 2263 Epi-

266 2292 354 2357 curei
375 2291 418 2357 ad
439 2292 595 2357 mundum
616 2290 817 2357 efficiendum
839 2313 947 2358 carere
962 2297 1134 2377 nequeunt.
1180 2293 1285 2372 Quam
1306 2289 1366 2357 dif-

267 2401 442 2468 ficultatem
472 2402 640 2468 Lucretius
670 2404 749 2468 satis
780 2383 915 2469 obscuro
943 2402 1012 2469 loco
1042 2403 1068 2484 Ι,
1099 2407 1160 2469 599
1191 2403 1365 2489 explanare

266 2512 399 2579 studuit.
444 2513 632 2580 Recentiore
654 2535 779 2598 quoque
802 2519 944 2598 tempore
967 2515 1169 2599 physicorum
1193 2516 1232 2581 de
1249 2517 1366 2583 atomis

265 2625 359 2707 ratio,
382 2646 479 2709 quam
501 2625 684 2691 Fochnerus
712 2625 786 2706 (Die
812 2625 1051 2711 Physikalische
1078 2628 1146 2694 und
1167 2628 1365 2714 Philosophi-

266 2737 341 2804 sohe
361 2737 588 2805 Atomenlehre
610 2739 718 2822 Leipz.
737 2742 834 2817 1855)
864 2739 898 2804 in
928 2739 1069 2805 medium
1097 2740 1202 2807 denuo
1229 2742 1366 2827 protulit

266 2850 482 2939 defenditque,
505 2852 625 2919 eisdem
654 2852 687 2917 ni
715 2850 813 2917 fallor
835 2851 962 2918 laborat
983 2852 1234 2921 difficultatibus.
1272 2856 1365 2922 Leila

266 2965 365 3030 nitrio
387 2986 461 3031 vero
483 2965 734 3049 Herbartioque‚
763 2986 846 3048 quae
869 2964 909 3031 de
931 2968 1047 3032 atomis
1068 2967 1274 3052 placuerunt,
1297 2976 1364 3036 tam

265 3075 392 3141 diversa
422 3080 512 3156 sunt,
549 3076 602 3139 vix
631 3079 667 3139 ut
697 3075 877 3158 comparari
905 3075 1037 3159 possint.
1082 3076 1144 3141 Sed
1173 3078 1265 3144 nobis
1287 3080 1364 3164 quid

265 3210 375 3255 verum
405 3188 483 3273 quid
512 3187 630 3253 falsum
652 3188 748 3253 sitin
771 3187 869 3252 variis
891 3187 931 3251 de-
953 3192 1134 3254 atomorum
1156 3195 1274 3257 natura
1295 3213 1364 3258 sen-

264 3302 389 3382 tentiis,
412 3322 477 3368 non
500 3307 549 3367 est
571 3301 832 3388 disceptandum:
862 3302 997 3367 carmini
1019 3301 1081 3386 ipsi
1103 3303 1266 3369 nonnullis
1287 3304 1365 3371 locis

265 3410 423 3477 medelam
444 3409 560 3476 afferre
583 3432 746 3478 conamur.

350 3600 404 3681 IV,
430 3604 529 3665 1122:
557 3600 638 3666 bene
660 3606 756 3686 parta
777 3606 907 3686 patrum
930 3604 1097 3670 Interdum
1118 3607 1152 3671 in
1173 3606 1294 3691 pallam
1317 3613 1365 3673 at

265 3735 328 3798 que
350 3713 507 3779 alidensia
530 3712 651 3797 Ciaque
673 3719 813 3780 vertunt.

351 3851 504 3918 Codicum
527 3851 677 3936 (Oblongi
699 3858 732 3919 et
755 3853 926 3935 Quadrati)
948 3855 1155 3939 scripturam:
1197 3856 1380 3937 alidensia‚·

264 3986 364 4051 quum
386 3964 567 4047 nemodum‚
590 3966 675 4049 quod
698 3967 806 4047 sciam,
829 3966 1046 4050 explicaverit,
1074 3967 1130 4033 alii
1152 3967 1219 4034 alia
1240 3970 1366 4054 excogi-

264 4082 423 4158 taverunt,
447 4076 561 4161 quibus
583 4100 611 4142 v.
630 4082 711 4143 1122
727 4079 945 4144 emendarent.
975 4080 1200 4148 Lachmannus
1216 4082 1281 4150 leni
1296 4107 1366 4152 mu-

265 4191 387 4257 tatione
411 4189 554 4276 scripsit:
583 4189 747 4255 alideusia.
792 4189 914 4255 Attulit
933 4190 1091 4258 vocabula
1112 4193 1251 4261 Graeca:
1289 4192 1365 4262 ἁλι-

265 4300 440 4391 πόρφυρα,
469 4296 656 4388 nitidante,
687 4295 830 4390 ἁλουργῆ
836 4352 845 4383 ,
875 4302 953 4369 item
976 4303 1173 4373 δευσοποιὸν
1194 4312 1227 4375 et
1248 4309 1365 4376 devoc-
