3117 5134
841 452 879 514 16

308 628 490 712 sumpsisse.
535 630 624 709 Quae
646 652 746 716 quum
766 634 815 699 ita
836 635 910 716 sint,
932 641 990 703 aut
1012 638 1156 705 homines
1171 641 1312 710 Lucretii
1327 649 1408 713 tems

307 739 438 824 poribus
464 742 559 826 vulgo
582 743 649 810 Coa
678 766 737 829 per
771 767 914 813 errorem
952 750 1018 816 Cea
1048 754 1230 821 nominasse
1263 754 1408 823 dicamus

306 874 435 921 neeesse
454 860 504 922 est
525 862 583 922 aut
605 857 664 923 Cia
685 859 718 923 in
741 858 808 925 Coa
830 862 987 927 mutanda
1009 868 1095 930 sunt.
1329 873 1332 879 '

391 966 438 1032 Ao
459 970 616 1054 correptio
638 971 787 1037 vocabuli
810 972 993 1056 Alidensia,
1028 976 1068 1042 de
1090 997 1155 1062 qua
1174 977 1254 1044 mihi
1276 979 1406 1063 quidem

306 1079 449 1145 dubitari
471 1080 598 1146 ridetur
620 1102 685 1146 non
707 1103 809 1167 posse,
832 1084 859 1149 si
881 1085 988 1152 minus
1003 1085 1151 1170 placebit,
1175 1089 1297 1156 tradita
1311 1088 1406 1157 lectio

304 1192 351 1256 ita
380 1190 570 1276 explicanda
599 1194 668 1259 erit.
718 1194 825 1262 Habet
854 1198 940 1263 enim
971 1197 1089 1264 Critias
1117 1200 1205 1284 apud
1236 1201 1348 1267 Athen.
1379 1204 1405 1283 I,

306 1307 347 1368 28
363 1304 400 1371 B.
424 1304 495 1370 ubi:
518 1300 560 1371 τὰ
575 1303 612 1388 ἐξ
624 1300 764 1396 ἑκάστης
778 1304 910 1387 πόλεως
925 1304 1090 1393 ἰδιώματα
1103 1311 1283 1399 καταλέγει,
1307 1314 1406 1381 haee:

435 1411 563 1483 εδναίου
587 1418 623 1485 δὲ
644 1417 757 1503 λέχους
778 1417 874 1503 ἔξοχα
895 1417 1016 1502 κάλλος
1038 1419 1104 1506 ἐγω

433 1523 587 1616 Μίλητός
607 1553 644 1597 τι
664 1527 750 1611 Χίος
770 1526 809 1615 τ’,
832 1529 946 1613 ἔναλος
967 1532 1067 1615 πόλις
1092 1532 1297 1618 Οἰνοπίωνος

305 1636 361 1703 ubi
391 1637 611 1707 Schneidewin
633 1640 755 1708 Delect.
778 1642 871 1727 frgm.
897 1650 964 1724 1‚5
987 1648 1021 1713 in
1043 1651 1323 1720 annotationibus:
1353 1675 1404 1721 ce-

305 1748 522 1817 lebratissima
550 1749 741 1837 σνρώμαια,
772 1750 844 1842 ἔρια
864 1753 1033 1845 Μιλήσια,
1063 1760 1175 1827 attulit
1195 1761 1325 1829 Theoor.
1353 1769 1402 1845 15,

306 1864 365 1925 125
388 1864 421 1927 et
441 1862 529 1946 Virg.
553 1864 664 1950 Georg.
689 1865 748 1946 ΙΙΙ,
772 1870 858 1931 306.»

386 1972 613 2040 Lachmannus
642 1974 768 2041 Milesia
799 1977 933 2058 reiecit,
964 1979 1049 2063 quod
1069 1982 1131 2047 nisi
1154 1986 1277 2066 atque
1300 1985 1332 2050 in
1355 2006 1401 2051 ac

302 2090 428 2151 mutato
451 2086 573 2152 includi
595 2106 688 2152 versu
702 2068 774 2152 ¹non
795 2095 941 2171 possent3
979 2110 1062 2173 quae
1092 2094 1228 2160 mutatio
1259 2114 1324 2160 non
1353 2096 1402 2161 ita

301 2198 439 2265 difficilis
460 2205 510 2266 est
531 2200 577 2265 si:
600 2205 777 2287 atqueper
798 2201 1024 2286 compendium
1046 2205 1200 2290 scriptum
1222 2205 1320 2274 luisse
1342 2231 1400 2294 pu-

300 2317 416 2377 tamus.
460 2311 590 2376 Literae
621 2310 675 2375 AL
704 2312 832 2394 saepius
861 2312 895 2376 in
925 2311 959 2376 M
988 2320 1115 2379 mutata
1136 2322 1228 2395 sunt,
1263 2318 1352 2383 velut
1374 2321 1399 2399 Ι,

302 2427 380 2488 665:
403 2423 470 2488 mia
490 2442 549 2507 pro
571 2420 646 2501 alia,
668 2426 702 2486 et
721 2420 857 2488 fortasse
873 2422 1021 2488 Milensia
1041 2424 1243 2490 scribendum
1265 2432 1323 2507 est,
1347 2434 1398 2493 ut:

255 2589 258 2593 .
301 2536 464 2602 vensicula
485 2535 547 2615 VI,
574 2538 650 2614 130,
689 2533 899 2619 Scaptensula
920 2506 1094 2615 v1‚‘alo;
1132 2535 1172 2601 cf.
1194 2536 1398 2621 Megalensia,
1425 2533 1428 2538 ’

300 2648 512 2729 thensaurus,
546 2647 620 2713 alia.
676 2647 791 2732 Itaque
820 2646 861 2727 (si
890 2647 1019 2731 quidem
1047 2648 1213 2715 Alidensia
1239 2651 1399 2718 reicienda

301 2767 391 2847 sunt)
412 2762 548 2828 fortasse
569 2758 774 2827 scribendum
796 2764 861 2826 est:

428 2874 596 2940 Interdum
617 2874 651 2939 in
672 2873 794 2959 pallam
815 2894 854 2939 ac
875 2873 1025 2940 Milensia
1049 2875 1194 2960 Chiaque
1215 2881 1353 2942 vertunt.

385 2986 449 3053 Sed
468 3006 595 3066 vereor,
623 2990 661 3050 ut
683 2984 957 3065 Schneidewinus,
987 2986 1057 3070 qui,
1089 2992 1127 3052 ut
1143 2977 1277 3071 quidem
1297 2989 1399 3056 videri

299 3103 407 3185 potest
435 3099 518 3164 siout
546 3097 672 3163 Milesia
700 3098 800 3163 etiam
828 3097 910 3163 Chia
938 3119 1039 3182 genus
1070 3094 1232 3183 quoddam
1262 3102 1398 3167 vestium

299 3234 368 3280 esse
396 3214 543 3297 putavit,
581 3209 674 3276 illum
697 3208 819 3275 Critiae
847 3209 953 3275 locum
979 3216 1066 3276 reete
1095 3211 1324 3298 interpretatus
1344 3213 1396 3279 sit.

300 3321 385 3389 Casu
407 3324 493 3389 enim
521 3322 658 3404 accidit,
695 3326 733 3387 ut
755 3320 874 3387 Critias
897 3322 966 3406 ipse
988 3322 1033 3388 ad
1054 3325 1198 3390 carmina
1219 3346 1279 3391 sua
1299 3325 1397 3411 expli·

300 3434 404 3501 canda
426 3434 550 3519 aliquid
571 3433 748 3501 conferret
785 3432 893 3498 Habet
913 3433 1000 3498 enim
1015 3432 1200 3502 Athenaeus
1214 3437 1270 3519 XI,
1286 3441 1348 3503 486
1364 3458 1396 3503 e:

299 3542 487 3633 Κρινίαςέν
507 3550 549 3634 τῇ
562 3540 839 3628 Λακεδαιμονίων
860 3541 1024 3635 πολιτείᾳ.
1072 3544 1175 3636 Κλίνη
1190 3550 1398 3638 Μιλησιουρ-
1532 3564 1533 3567 ’

297 3656 356 3747 γὴς
375 3655 432 3725 καὶ
454 3654 571 3747 δίφρος
592 3653 849 3746 Μιλησιουργής,
872 3653 978 3746 Κλίνη
993 3658 1156 3747 Χιουργὴς
1176 3658 1233 3725 καὶ
1252 3657 1398 3747 τράπεζα

295 3764 523 3858 Ῥηναιουργής.
567 3771 650 3836 Puto
673 3770 826 3852 Critiam‚
855 3777 893 3835 ut
915 3776 985 3836 erat
1006 3766 1209 3857 φιλολάκων,
1238 3769 1398 3863 Lacedae·

299 3885 423 3950 monios
444 3882 594 3949 laudibus
617 3882 789 3964 extulisse,
826 3881 912 3966 quod
940 3880 1096 3947 eiusmodi
1117 3880 1331 3947 instrumenta
1350 3874 1398 3945 lu-

298 3998 411 4062 xuriae
431 4016 497 4062 non
519 3995 738 4063 admitterent
790 3996 905 4061 Lectos
927 3994 1068 4060 Milesios
1090 3993 1250 4077 Chiosqua
1271 3993 1306 4057 in
1327 4013 1398 4078 pre
1475 4054 1478 4059 .

299 4106 345 4171 tio
366 4106 465 4172 fuisse
485 4106 585 4172 etiam
606 4126 647 4172 ex
667 4106 931 4190 inscriptionibus
951 4104 1089 4188 intelligi
1111 4107 1233 4189 potast3
1270 4102 1309 4169 cf.
1333 4102 1399 4169 Pit

298 4219 391 4286 tales
421 4213 594 4307 Ἐφημιρις
625 4213 855 4306 &pastoral
886 4238 916 4283 a.
934 4221 1016 4282 rasa
1044 4238 1075 4301 p.
1096 4219 1177 4281 1163
1205 4204 1240 4280 nl
1254 4220 1347 4297 maa,
1371 4221 1398 4281 1.

298 4326 489 4416 ἐπίχρ(οοος
509 4312 681 4416 alamitae
702 4324 875 4417 ἐπίχρυσοι
895 4322 1056 4409 ὑπόξυλοι
1070 4327 1135 4392 ΔΓ
1152 4326 1262 4392 κλῖναι
1276 4332 1399 4410 Χιουρ-
