3117 5134
788 444 831 508 30

409 631 521 716 Neque
544 630 734 715 sepulcrum,
757 650 820 713 quo
842 629 986 713 recipiat,
1008 627 1127 693 habeat
1146 633 1277 712 portum
1291 648 1360 693 cor-

518 739 606 823 poris

260 847 332 913 vide
354 846 548 928 Munroium,
570 848 625 930 qui
647 848 774 929 multos,
798 852 853 934 qui
875 850 938 915 hue
959 850 1123 933 pertinent
1137 850 1224 914 locos
1240 849 1362 928 attulit,

260 958 302 1023 ad
325 958 414 1024 1.111
436 981 466 1023 v.
482 963 562 1039 5023
591 959 698 1023 omisit
720 960 764 1024 IV
787 982 815 1023 v.
833 966 895 1025 449
922 961 1063 1044 binaque
1084 980 1141 1044 per
1163 964 1250 1024 totas
1271 960 1361 1036 aedis

261 1069 422 1151 geminare
445 1069 598 1151 supellex.
641 1070 714 1135 Huc
736 1072 834 1135 etiam
855 1073 1015 1156 pertinere
1038 1071 1173 1150 videtur,
1197 1071 1282 1154 quod
1299 1071 1360 1136 Lu·

261 1182 378 1246 cretius
400 1181 513 1247 verba:
538 1201 753 1266 generasoere,
776 1188 961 1262 torrescere,
984 1183 1058 1262 alia,
1082 1202 1102 1246 a
1123 1181 1227 1246 verbis
1250 1182 1361 1246 activis

259 1292 435 1375 generandi
458 1296 490 1355 et
512 1291 654 1356 torrendi
677 1293 831 1370 derivata,
853 1293 1046 1358 neutraliter
1067 1300 1210 1376 usurpat.

347 1400 410 1466 Sed
433 1406 469 1466 ut
490 1401 619 1467 redeam
641 1402 684 1466 ad
705 1425 733 1467 v.
750 1408 827 1485 963,
851 1405 954 1470 fateor
976 1405 1071 1485 locos,
1093 1425 1173 1489 quos
1195 1426 1292 1489 supra
1314 1412 1362 1471 at-

261 1512 331 1592 tuli,
354 1512 451 1596 paulo
474 1513 570 1577 aliter
591 1533 659 1578 esse
681 1520 893 1599 comparatos.
936 1515 1019 1580 Nam
1050 1517 1075 1579 si
1105 1536 1257 1599 reperere
1285 1537 1362 1581 neu-

262 1625 390 1691 traliter
412 1625 533 1690 dietum
556 1625 777 1706 concedimus,
812 1647 876 1691 non
898 1628 1008 1707 video,
1040 1651 1097 1693 cur
1118 1651 1182 1694 non
1204 1630 1362 1714 depellere

262 1739 311 1819 Il,
335 1742 414 1819 219,
442 1738 497 1802 ubi
520 1737 745 1803 Lachmannus
767 1739 1022 1822 ingeniosissime
1049 1740 1198 1804 devellere
1225 1743 1362 1826 scripsit,

263 1857 296 1915 et
318 1851 496 1935 opprimere
519 1851 573 1929 Vl,
599 1854 660 1915 286
683 1851 874 1916 neutraliter
902 1853 1089 1936 accipienda
1118 1875 1186 1919 esse
1208 1855 1362 1920 dicamus.

263 1964 335 2029 Non
357 1962 469 2043 habeo,
493 1983 556 2046 quo
578 1962 683 2027 locum
707 1964 747 2029 ab
769 1960 999 2049 interpretibus
1021 1966 1168 2031 omnibus
1184 1966 1363 2049 neglectum

263 2074 442 2158 expediam.
486 2075 599 2156 Simili,
622 2080 659 2140 ut
680 2075 741 2141 hoc
762 2076 889 2154 addam,
913 2078 1161 2142 constructionis
1182 2079 1259 2143 vitio
1275 2079 1364 2144 labo-

263 2194 315 2252 rat
337 2188 390 2267 VI,
416 2194 455 2254 15
477 2210 602 2270 vexare,
626 2190 735 2273 quiet
758 2190 825 2274 ipse
847 2191 991 2255 nondum
1013 2196 1145 2254 sanatus
1167 2197 1223 2254 est.

348 2298 391 2378 II,
416 2303 475 2364 198
498 2298 740 2380 Lachmannus,
778 2321 874 2383 quem
897 2306 1025 2364 secutus
1047 2305 1096 2364 est
1118 2300 1310 2383 Bernaysius
1331 2305 1365 2364 et

265 2409 448 2488 Munroius,
481 2412 624 2496 scripsit:
663 2433 738 2476 nam
767 2433 831 2496 quo
860 2414 962 2497 magis
983 2414 1123 2478 ursimus
1147 2414 1210 2478 elle
1230 2413 1360 2489 deiecta,

264 2519 350 2603 quod
374 2519 529 2603 explieat:
552 2541 592 2585 ex
614 2521 681 2586 alto
703 2523 737 2587 in
761 2541 878 2605 aquam
901 2522 1034 2587 deiecta.

350 2632 514 2711 Quomodo
547 2638 655 2698 autem
683 2655 735 2699 res
763 2655 876 2717 erpere
904 2635 1077 2718 possimus,
1122 2655 1203 2719 quas
1231 2656 1271 2699 ex
1299 2634 1366 2699 alto

266 2743 451 2825 deiicimuS,
489 2766 553 2810 non
583 2744 670 2810 dicit.
722 2745 827 2810 Multo
850 2744 1029 2810 evidentius
1050 2745 1120 2810 fieri
1142 2746 1324 2830 exemplum
1346 2765 1367 2809 a

265 2856 415 2922 Lucretio
445 2863 521 2922 ante
550 2858 658 2924 oculos
686 2858 778 2923 nobis
801 2858 962 2941 positum,
999 2858 1027 2922 si
1049 2858 1256 2923 sumserimus
1277 2858 1367 2940 tigna

264 2988 323 3052 per
344 2967 577 3051 longitudinem
600 2969 693 3051 aquis
715 2969 866 3033 immersa
886 2968 998 3047 fuisse,
1033 2969 1143 3052 negari
1166 2988 1230 3034 non
1250 2973 1365 3052 potest.

353 3079 554 3163 Quamquam
577 3085 684 3145 autem
706 3101 746 3144 ex
768 3081 831 3160 eis,
860 3101 944 3164 quae
965 3085 1143 3164 sequuntur
1164 3102 1193 3144 v.
1211 3084 1288 3160 200,
1311 3079 1366 3144 ubi

265 3191 355 3274 tigna
384 3191 417 3255 in
449 3190 643 3274 profundum
673 3191 825 3277 depressa
853 3214 956 3277 aquae
988 3194 1112 3278 impetu
1145 3194 1265 3258 reiecta
1294 3192 1367 3276 plus

267 3303 374 3368 media
395 3311 488 3389 parte
511 3326 672 3391 emergere
694 3306 791 3385 dicit,
820 3306 1025 3390 aliquomodo
1047 3305 1127 3372 effici
1149 3312 1270 3390 potest,
1303 3305 1368 3368 Lu·

268 3419 402 3484 cretium
423 3440 492 3483 rem
514 3418 574 3483 sibi
596 3420 642 3484 ita
664 3418 750 3503 apud
777 3420 920 3484 animum
949 3419 1158 3501 informasse,
1196 3425 1305 3483 tamen
1331 3419 1366 3482 in

267 3531 484 3616 superioribus
506 3531 569 3596 dici
591 3552 719 3598 necesse
742 3539 832 3612 erat,
870 3531 956 3616 quod
985 3538 1096 3616 aperte
1125 3532 1246 3597 dictum
1269 3538 1317 3596 est
1340 3531 1368 3595 si

267 3643 485 3726 restituimus,
523 3643 609 3727 quod
638 3645 669 3708 in
698 3644 860 3710 codicibus
888 3650 952 3710 est:
994 3644 1117 3708 derecte
1147 3644 1212 3708 sive
1234 3643 1365 3719 directe,

268 3753 354 3838 quod
376 3760 425 3820 est
445 3756 479 3819 in
502 3753 655 3837 Oblongo.
701 3755 763 3820 Sed
785 3761 823 3821 ut
845 3755 986 3835 videtur,
1010 3756 1134 3818 derecte
1150 3754 1290 3838 genuina
1305 3754 1367 3818 Lu·

268 3865 360 3931 oretii
382 3866 485 3931 forma
507 3869 571 3946 est,
595 3862 635 3928 cf.
658 3865 712 3945 VI,
736 3869 798 3930 823
821 3866 955 3950 derigit3
977 3865 1031 3946 IV,
1056 3870 1115 3930 607
1139 3865 1199 3930 viis
1213 3865 1366 3947 derectis3

268 3978 307 4060 V,
331 3981 391 4042 323
421 3976 564 4042 deminui
593 3979 627 4039 et
653 3975 783 4039 Lachm.
807 3974 850 4039 ad
871 3975 964 4040 Lucr.
987 3976 1042 4056 IV,
1067 3980 1127 4040 609
1158 3976 1214 4058 qui
1240 3976 1369 4060 imperi·

269 4098 377 4157 torum
399 4111 466 4156 esse
495 4089 573 4154 dicit
600 4087 756 4154 scribere:
787 4087 926 4153 directis.
970 4089 1088 4155 Sensus
1110 4089 1209 4173 igitur
1231 4089 1283 4154 hio
1304 4093 1366 4153 est:

269 4224 333 4287 quo
354 4202 452 4267 altius
473 4201 612 4266 ursimus
634 4200 725 4284 tigna
746 4199 885 4281 directa,
912 4221 951 4265 eo
972 4201 1119 4285 cupidius
1139 4200 1310 4280 exsiliunt,
1333 4207 1369 4265 ut

269 4336 364 4399 saepe
386 4313 458 4398 plus
481 4313 587 4380 media
609 4319 702 4397 parte
722 4317 898 4397 emergant.
