3117 5134
656 481 698 551 33

199 757 207 767 x
276 672 331 752 IV,
358 677 427 737 111.
474 670 642 756 Lapsaque
665 673 789 738 cedant.

208 783 288 849 Post
299 784 389 849 ’haec
411 787 509 851 verba
531 786 621 851 deest
642 786 801 871 primum,
832 791 869 850 ut
890 784 968 850 dicit
989 785 1227 865 Lachmannus‚

126 895 258 979 Pompe
280 895 346 960 vel:
370 896 565 980 Expeditum,
590 902 660 961 tum
681 895 820 980 paucula
841 917 861 961 a
883 895 999 979 quibus
1031 895 1114 961 illud
1145 897 1227 962 caim

125 1008 211 1092 quod
233 1008 390 1073 subicitur
412 1009 562 1093 pendeat.
608 1011 651 1073 At
665 1008 762 1074 illud:
786 1007 881 1085 enim,
905 1007 985 1072 mibi
1000 1008 1128 1092 quidem
1145 1008 1228 1093 opti-

124 1140 176 1184 me
197 1120 338 1204 pendere
360 1120 488 1186 videtur
509 1142 529 1186 a
549 1143 577 1187 v.
596 1125 674 1186 142:
698 1126 917 1206 perpetuoque
939 1118 1044 1185 fluant
1065 1119 1106 1186 ab
1122 1121 1228 1199 rebus,

124 1253 252 1317 semper
278 1234 362 1298 enim
392 1256 551 1300 summum
581 1234 734 1317 quicquid
764 1234 803 1299 de
836 1233 932 1298 rebus
961 1232 1107 1299 abundat
1140 1233 1226 1317 quod

124 1347 314 1413 iaculentur.
359 1348 412 1413 Ita
433 1347 512 1414 haec
535 1347 650 1412 saltem
673 1347 794 1431 optime
816 1346 999 1429 cohaerent,
1022 1346 1078 1412 sed
1096 1344 1225 1431 percipe

125 1461 177 1528 vel
198 1460 354 1527 eiusmodi
377 1461 499 1546 aliquid
521 1466 632 1545 aperte
656 1460 753 1525 deest.

212 1572 316 1650 Quum
347 1576 457 1636 tamen
485 1591 525 1636 ne
549 1570 582 1634 in
605 1569 714 1634 codice
737 1569 911 1654 archetypo
934 1567 1064 1652 quidem
1086 1572 1124 1631 ut
1145 1566 1229 1630 dixit

125 1681 361 1762 Lachmannus‚
387 1681 490 1745 ullum
513 1678 656 1744 deiectus
679 1679 834 1744 indicium
857 1679 953 1744 fuisse
977 1677 1227 1743 existimandum

125 1794 183 1874 sit,
211 1794 271 1857 etsi
293 1791 420 1876 singula
443 1811 589 1856 versuum
613 1791 749 1856 duorum
779 1792 1004 1857 accedentium
1027 1788 1125 1855 verba
1147 1788 1228 1853 nihil

124 1905 313 1989 suspicionis
336 1904 477 1985 babent,
514 1925 577 1970 non
608 1905 749 1970 alienum
784 1905 930 1983 videtur,
967 1904 994 1969 si
1016 1902 1145 1987 percipe
1174 1901 1223 1966 vel

124 2016 267 2082 eiusdem
289 2016 429 2080 notionis
452 2015 576 2099 aliquid
598 2016 787 2081 inseramus.

209 2127 302 2208 Quod
324 2129 370 2192 sic
391 2128 608 2191 instituimus:
683 2119 687 2131 '

252 2241 347 2307 Nunc
370 2261 408 2305 ea
430 2261 527 2324 quam
549 2238 638 2305 facili
661 2245 695 2304 et
716 2240 812 2304 celeri
835 2241 959 2305 ratione
983 2245 1138 2324 gerantur

253 2354 475 2438 Perpetuoque
498 2352 603 2417 fluant
624 2353 665 2419 ab
687 2353 783 2418 rebus
806 2352 913 2437 lapsa,
938 2352 995 2416 ati
1016 2353 1118 2418 edam.

209 2466 350 2531 Lucretii
372 2465 457 2529 enim
481 2484 578 2547 quam
600 2464 739 2528 maxime
760 2466 926 2548 proprium
950 2468 1019 2545 est,
1058 2471 1095 2530 ut
1125 2465 1229 2530 verbis

122 2579 224 2644 finitis
245 2578 418 2663 participia
440 2583 605 2662 apponat,
643 2597 725 2662 quae
753 2577 890 2643 eandem
918 2576 1106 2663 teneatque
1131 2577 1229 2643 verba

124 2688 217 2753 finita
245 2690 437 2775 sententiam
469 2687 661 2771 exprimunt.
714 2688 806 2766 Quod
839 2687 966 2753 dicendi
996 2710 1096 2773 genus
1126 2690 1228 2755 Lach-

124 2821 263 2866 mannus
284 2822 380 2885 quum
403 2821 467 2866 non
489 2801 685 2885 perspiceret
715 2800 739 2880 1,
767 2805 822 2864 121
857 2808 982 2867 mutare
1013 2803 1114 2867 voluit
1146 2803 1230 2868 illud

123 2913 217 2978 edera
238 2914 355 2998 quippe
377 2935 440 2998 quo
463 2913 588 2995 nullum
609 2912 737 2997 pondus
759 2916 938 2979 sententiae
962 2915 1145 2981 adderetur.

209 3023 281 3088 Alia
302 3024 449 3109 exempla
471 3045 533 3107 quo
556 3023 608 3088 hic
630 3044 706 3088 usus
727 3030 842 3107 poetae
857 3025 899 3091 ab
920 3026 1151 3111 interpretibus
1174 3048 1226 3092 ne·

121 3133 244 3222 glectus
264 3137 491 3220 comprobatur
518 3135 599 3201 baec
628 3142 719 3202 sunt:
756 3137 782 3219 Ι,
806 3143 867 3204 313
898 3141 1026 3224 privata
1055 3147 1226 3222 canerent;

120 3246 163 3328 11,
187 3251 226 3312 67
250 3247 372 3331 stipata
393 3246 560 3331 cohaeret3
594 3253 655 3315 549
678 3271 851 3335 congressa
872 3253 1018 3335 coibunt3
1056 3257 1118 3319 563
1141 3275 1225 3320 com·

120 3358 215 3443 pulsa
237 3360 339 3438 coire;
362 3358 421 3439 ΙΙΙ,
444 3364 506 3424 439
530 3358 641 3426 ablata
662 3361 809 3443 recessit;
833 3361 889 3444 lv,
913 3368 975 3430 914
997 3365 1101 3431 eiecta
1122 3384 1222 3429 reces-

120 3473 180 3553 sit;
204 3476 265 3537 915
288 3475 441 3537 contrusa
461 3474 626 3539 concessit.

272 3585 314 3666 II,
338 3589 409 3650 502.
457 3586 562 3651 Aurea
583 3607 744 3670 pavonum
772 3588 881 3654 rident
903 3587 1028 3654 imbuta
1049 3587 1158 3674 lepore

375 3698 488 3765 Saecla
509 3720 592 3766 nova
613 3721 722 3766 rerum
745 3705 899 3786 superata
920 3701 1026 3769 colore
1048 3702 1201 3783 iacerent,

78 3840 85 3851 ·
119 3807 280 3892 scriptura
302 3807 447 3874 codicum
469 3814 526 3874 est.
572 3809 710 3876 Vincula
732 3811 888 3877 orationis
910 3834 1008 3898 quum
1022 3835 1155 3897 prorsus
1170 3814 1223 3879 hic

121 3920 211 3985 nulla
233 3921 306 4002 sint,
329 3920 505 4001 Lambinus
527 3929 559 3990 et
581 3924 636 4008 qui
659 3945 732 3990 eum
748 3926 850 3991 secuti
866 3932 950 4006 sunt,
974 3926 1145 3993 Oreecbius
1160 3937 1220 3993 etc.

120 4028 156 4094 in
177 4028 240 4096 fine
262 4053 373 4099 versus
393 4039 587 4119 posuerunt:
625 4041 765 4104 attacta
789 4039 913 4120 colore,
940 4045 973 4104 et
996 4041 1103 4107 Aurea
1124 4061 1221 4127 pavo-
1303 4073 1305 4076 ·

119 4158 197 4204 num
219 4139 335 4207 ridenti
357 4149 416 4210 etc.

206 4249 298 4330 Quod
330 4257 443 4319 tamen
465 4264 495 4320 et
527 4257 560 4322 in
589 4278 740 4324 versuum
768 4258 1028 4325 hexametrorum
1057 4260 1121 4326 fine
1143 4261 1220 4327 solis

115 4364 204 4430 inter
225 4369 337 4449 poetas
358 4369 496 4434 satiricis
517 4390 634 4454 ponere
656 4371 733 4435 licet
761 4370 847 4451 (vids
871 4370 1002 4437 Lacbm.
1026 4372 1068 4437 ad
1089 4371 1217 4439 Lucret.

943 4489 959 4537 3
1109 4496 1112 4500 A
