3117 5134
741 394 895 521 ⁷.'

197 612 299 679 refert
327 611 560 696 Hieronymus,
597 607 757 697 quomodo
787 614 859 676 orta
885 610 950 675 sint
971 610 1131 695 explicare
1152 614 1296 676 conatur.

198 723 413 792 Profioiseitur
436 725 522 791 enim
545 725 619 790 inde
642 724 676 808 (l.
700 745 726 789 o.
749 747 780 809 p.
805 728 898 804 201),
928 723 1028 808 quod,
1059 725 1114 808 qui
1136 724 1211 790 deos
1231 745 1299 790 esse

198 838 317 919 negent
338 840 371 899 et
392 855 485 901 saera
507 834 629 901 eunetis
651 830 832 900 hominibus
855 833 1037 899 eommunia
1059 838 1225 919 spernant,
1249 857 1299 900 ar-

198 968 278 1014 eano
301 947 440 1032 quodam
462 953 495 1012 et
518 947 661 1031 mystico,
684 952 720 1012 ut
742 947 790 1011 ita
812 946 925 1028 dicam,
948 946 1079 1013 horrore
1102 952 1135 1013 et
1149 949 1300 1032 aequales

198 1065 231 1126 et
250 1063 396 1144 posteros
418 1058 568 1126 afficiant.
615 1059 677 1125 Sed
704 1058 785 1125 haec
812 1059 915 1143 magis
938 1079 978 1123 ex
1000 1057 1098 1124 medii
1120 1059 1190 1123 aeui
1212 1058 1299 1144 inge·

197 1173 250 1240 nio
280 1179 313 1239 et
341 1193 428 1239 more
458 1172 624 1257 disputata
654 1177 737 1237 sunt.
790 1171 883 1251 Quod
911 1171 979 1256 ipse
1009 1172 1144 1237 sensisse
1172 1171 1299 1237 videtur

197 1284 351 1352 Sellarius
379 1304 478 1367 quum
507 1283 595 1348 dicat
616 1282 637 1347 l.
662 1304 688 1348 o.
717 1305 749 1366 p·
773 1285 853 1347 201:
892 1302 913 1345 a
934 1280 1028 1347 doom
1051 1303 1086 1347 so
1109 1282 1299 1366 mysterious

84 1425 88 1433 ·
197 1397 262 1463 and
284 1395 472 1461 oalamitous
496 1415 533 1459 as
554 1392 627 1459 that
649 1391 685 1458 of
704 1391 853 1457 madness
875 1392 939 1457 and
962 1391 1082 1457 suicide
1103 1391 1206 1476 might
1228 1392 1299 1459 well

196 1528 317 1594 appear
345 1511 379 1571 to
402 1504 465 1582 ¹the
494 1504 599 1569 minds
629 1503 663 1568 ol
688 1502 921 1568 Christianum
943 1502 998 1568 the
1021 1502 1109 1568 third
1131 1525 1167 1569 or
1189 1504 1298 1570 fourth

196 1620 356 1689 centuries
383 1622 417 1684 to
434 1617 484 1705 vbe
508 1616 563 1682 the
585 1615 693 1701 fitting
716 1636 933 1700 consequence
955 1615 991 1683 of
1009 1616 1096 1682 what
1117 1619 1242 1683 seemed
1265 1624 1298 1685 to

197 1732 284 1798 them
306 1753 327 1797 a
348 1730 464 1814 daring
486 1730 619 1814 impiety
641 1729 706 1795 aud
727 1728 878 1795 unbelief.
903 1766 940 1776 —
973 1731 1018 1794 Ao
1039 1736 1148 1795 tamen
1171 1731 1298 1797 omnino
1384 1708 1388 1715 ⁸

196 1844 338 1910 dubitari
361 1844 483 1928 nequit,
506 1844 584 1927 quin
605 1842 671 1924 illa,
699 1863 783 1926 quae
805 1842 844 1908 de
867 1843 934 1907 vita
955 1843 1098 1909 Lucretii
1119 1842 1211 1909 nobis
1233 1847 1299 1908 tre·

196 1955 278 2021 didit
299 1955 530 2039 Hieronymus,
553 1955 619 2020 iam
641 1953 786 2020 Suetonii
808 1956 1006 2040 temporibus
1027 1955 1061 2019 in
1084 1955 1198 2039 vulgus
1221 1961 1299 2021 nota

196 2070 229 2129 et
250 2064 374 2130 credita
394 2062 524 2128 luerint.
569 2064 652 2128 Nam
675 2084 715 2130 ex
738 2063 883 2130 Suetonii
906 2063 946 2129 de
967 2064 1044 2128 viris
1065 2062 1245 2130 illustribus
1260 2063 1299 2129 li·

196 2175 262 2243 bris
284 2174 495 2256 omniafere,
528 2194 610 2257 quae
633 2174 847 2257 Hieronymus
871 2173 1000 2240 Eusebii
1023 2172 1140 2240 Chron.
1164 2173 1298 2254 addidit,

195 2285 326 2351 fluxisse
359 2284 400 2351 ab
429 2283 605 2350 Ritsohelio
640 2285 746 2351 denuo
779 2286 858 2351 eatis
890 2286 1146 2352 demonstratum
1179 2294 1228 2352 est
1259 2287 1297 2352 ef.

195 2397 424 2465 Reifferscheid
447 2397 591 2464 Suetonii
613 2398 791 2484 Reliquiae.
837 2401 1008 2466 Praeterea
1029 2399 1115 2484 quod
1130 2399 1208 2465 dicit
1223 2400 1299 2465 Hie·

192 2532 344 2597 ronymus
373 2510 558 2577 Lucretium
591 2514 748 2578 amatorio
779 2513 894 2598 poeulo
925 2514 959 2578 in
992 2513 1134 2579 furorem
1171 2533 1298 2579 versum

193 2646 271 2706 esse,
293 2623 327 2688 id
349 2625 397 2689 ita
418 2623 461 2688 ad
484 2629 627 2690 veterum
649 2626 811 2709 cogitandi
827 2627 985 2692 rationem
1002 2632 1222 2711 comparatum
1239 2633 1297 2707 est,

195 2735 305 2802 utrix
328 2735 368 2800 ab
392 2735 520 2800 homine
544 2735 683 2818 quodam
706 2735 890 2804 Christiano
915 2737 1026 2803 fiotum
1049 2758 1117 2804 esse
1139 2738 1297 2804 videatur.

194 2849 242 2915 Ao
264 2852 373 2911 tamen
395 2845 583 2930 Hieronymi
606 2845 655 2912 vel
671 2846 816 2914 Suetonii
837 2850 934 2915 ve'rba
955 2850 1008 2915 vix
1023 2850 1189 2916 credibilia
1204 2856 1298 2933 sunt3

195 2958 354 3046 quomodo
383 2964 491 3026 autem
519 2964 591 3025 orta
617 2961 682 3025 sint
711 2981 793 3044 quae
825 2961 865 3027 de
891 2962 1018 3028 insania
1039 2962 1182 3028 Lucretii
1204 2962 1298 3048 vulgo

194 3073 397 3155 ferebantur,
420 3093 532 3138 vereor
553 3078 590 3139 ut
612 3095 766 3158 umquam
789 3076 858 3141 erui
880 3075 989 3159 possit.
1034 3075 1114 3140 Tam
1135 3079 1297 3160 contemp

194 3186 253 3252 tim
275 3185 341 3271 egit
363 3185 532 3252 Lueretius
553 3186 593 3251 de
615 3206 744 3266 amore,
779 3190 873 3253 tanta
895 3187 1019 3267 ironia,
1055 3193 1093 3251 ut
1115 3187 1161 3251 ita
1175 3187 1298 3268 diuam,

194 3304 299 3365 totum
320 3298 394 3365 inde
416 3320 436 3364 a
456 3321 485 3364 u.
506 3303 715 3365 losa-1282
744 3299 819 3365 libri
849 3300 958 3383 quarti
991 3299 1082 3365 illum
1118 3299 1158 3365 de
1189 3321 1298 3368 amore

195 3410 300 3477 looum
322 3411 548 3494 pertractavit,
576 3415 613 3474 ut
635 3410 768 3477 Veneris
790 3432 909 3477 numen
931 3431 1029 3494 quam
1050 3410 1189 3476 maxime
1212 3432 1298 3496 spre-

195 3522 277 3588 visse
299 3521 456 3586 videatur.
501 3519 675 3606 vulgatam
705 3527 815 3587 autem
842 3522 940 3588 fuisse
970 3523 1057 3608 apud
1086 3527 1208 3588 veteres
1231 3524 1297 3610 opi·

194 3633 332 3714 nionem,
355 3632 411 3717 qui
432 3631 529 3697 nimis
551 3652 694 3697 amorem
715 3634 873 3714 vitarent,
896 3654 950 3727 eos
971 3635 1042 3718 ipso
1064 3655 1171 3700 amore
1193 3638 1298 3721 perire
1409 3640 1414 3645 ’

195 3744 362 3830 Hippolyti
396 3744 509 3810 fabula
543 3745 621 3811 satis
655 3744 906 3812 demonstratur.
952 3747 1004 3811 Ita
1035 3746 1124 3814 haud
1157 3751 1221 3815 soie
1254 3772 1297 3815 an

195 3861 317 3926 factum
339 3859 400 3939 sit,
437 3863 475 3923 ut
501 3859 618 3943 aliquis
640 3858 776 3944 fingeret
797 3859 983 3926 Lucretium
1005 3863 1061 3946 qui
1084 3862 1297 3947 defugiendo

196 3994 304 4040 amore
328 3978 396 4039 tam
416 3972 559 4040 salubria
579 3978 752 4058 praecepte
774 3973 886 4054 daret,
924 3995 1023 4059 quum
1049 3995 1191 4041 amorem
1216 3977 1297 4042 vita·

197 4094 266 4170 ret,
302 4089 458 4155 amatorio
487 4085 603 4172 poeulo
632 4087 759 4171 perisse.
805 4086 930 4154 Philtra
957 4093 1067 4153 autem
1088 4109 1128 4154 ex
1149 4090 1297 4175 opinione

197 4204 341 4265 veterum
362 4199 429 4265 iere
450 4198 534 4265 hane
557 4198 622 4263 vim
642 4197 812 4278 habuisse,
850 4204 887 4263 ut
907 4198 1053 4265 homines
1074 4200 1117 4265 ad
1138 4201 1297 4267 insaniam

196 4311 363 4398 adigerent
377 4313 455 4378 satis
470 4312 563 4379 doeet
576 4311 723 4379 Juvenal.
742 4311 810 4376 Sat.
826 4311 873 4379 VI
894 4332 923 4376 v.
941 4316 1019 4377 610:
1040 4312 1150 4378 vendit
1171 4312 1297 4378 Philtra
