3117 5134
731 412 771 472 35

199 593 368 659 tractionis
398 593 485 678 apud
513 594 696 661 Lucretium
734 594 963 660 usitatissimae
999 593 1147 681 exempla
1175 595 1303 679 collegit

202 704 370 770 Munroius
391 705 434 769 ad
458 706 586 770 Lucret.
610 706 635 785 l,
663 711 711 770 15.

308 817 361 897 Vl,
388 821 435 881 16.
480 818 586 901 Atque
610 819 710 883 animi
731 819 868 903 ingratis
891 819 990 884 vitam
1013 839 1129 885 vexare
1151 818 1303 902 querellis

479 928 586 993 Pausa
607 933 705 1012 atque
727 927 852 993 infestis
875 935 968 1014 coget
988 930 1111 995 saevire
1139 928 1301 1013 querellis.

285 1038 513 1104 Lachmannus
540 1061 639 1124 quum
669 1030 832 1123 querellbe
862 1040 911 1107 bis
938 1043 1062 1127 positae
1090 1042 1196 1106 locum
1218 1041 1303 1107 tueri

200 1177 265 1220 non
287 1153 423 1238 possint,
444 1152 478 1216 in
501 1158 611 1237 partes
632 1159 745 1218 vocato
767 1174 861 1219 versu
882 1155 921 1233 V,
943 1160 1002 1220 44:
1039 1156 1083 1220 At
1104 1155 1165 1219 nisi
1187 1175 1303 1238 purga·

199 1269 301 1330 tumst
323 1269 449 1348 pectus,
472 1283 555 1349 quae
577 1261 700 1347 proelia
722 1263 813 1329 uobis
837 1266 943 1348 Atque
964 1265 1109 1349 pericula
1131 1269 1232 1330 tumst
1254 1265 1303 1329 in-

200 1376 301 1460 gratis
331 1374 577 1455 insinuandum,
618 1374 729 1440 scribit
763 1376 798 1439 in
837 1377 939 1442 altero
967 1398 1062 1443 versu
1084 1377 1215 1461 periclis
1244 1398 1302 1462 pro

201 1487 364 1573 querellis,
387 1492 556 1571 praeterea
576 1508 652 1572 pro:
683 1508 786 1572 pausa
807 1494 922 1573 atque,
946 1489 1134 1575 Parumque
1154 1497 1188 1557 et
1207 1491 1303 1556 Lam·

97 1685 105 1697 Ι
200 1598 311 1664 binum
333 1604 461 1663 secutus
483 1597 572 1682 cogei
595 1597 693 1682 (cogi)
715 1618 791 1683 pro:
815 1604 917 1684 coget.

286 1710 426 1775 Infestae
448 1710 608 1794 querellas
630 1729 663 1775 se
686 1709 867 1794 intelligere
888 1716 986 1796 negat
1005 1712 1062 1794 (cf.
1079 1713 1117 1794 V,
1137 1718 1217 1779 1414
1232 1714 1302 1779 dul·

201 1840 254 1885 ces
275 1820 460 1904 querellae).
507 1821 550 1887 At
570 1822 708 1888 infestae
730 1823 893 1907 querellae
915 1843 990 1904 eae,
1013 1829 1050 1887 ut
1071 1823 1214 1901 videtur,
1237 1823 1302 1890 dici

199 1937 350 2016 possunt,
379 1952 461 2015 quae
484 1931 650 1997 homiuum
672 1934 771 1998 vitam
793 1934 843 1998 vel
865 1933 1016 2000 infestam
1038 1934 1160 2001 habent
1181 1934 1231 2001 vel
1253 1937 1303 2000 in-

199 2042 340 2108 faustam
362 2041 512 2107 reddunt.
558 2041 661 2107 Simili
683 2041 815 2109 licentia
829 2044 1024 2127 Bemaysius
1041 2063 1167 2109 versum
1187 2045 1303 2111 immu-

79 2202 82 2209 .
202 2153 297 2233 tavit,
320 2153 375 2237 qui
398 2152 503 2218 dedit:

330 2265 435 2347 Atque
457 2262 558 2327 animi
580 2262 715 2346 ingratis
738 2263 837 2327 vitam
860 2283 975 2329 vexare
999 2262 1110 2329 timore

329 2375 483 2465 Faustam
506 2380 604 2458 atque
625 2374 752 2440 infestis
773 2376 844 2459 cogi
865 2377 988 2441 saevire
1010 2376 1170 2460 querellis.

285 2486 348 2553 Sed
368 2508 467 2571 quum
487 2486 700 2571 intelligerem
715 2487 838 2554 nullam
854 2489 1112 2554 emendationem
1127 2489 1303 2573 quidquam

201 2599 439 2684 probabilitatis
461 2599 590 2680 habere,
613 2620 677 2683 qua
698 2605 829 2684 praeter
851 2597 947 2664 finem
970 2619 1095 2680 versus,
1119 2621 1214 2684 quem
1235 2621 1303 2665 cor-

201 2716 421 2795 ruptumresse
444 2710 568 2777 duobus
590 2710 641 2775 his
662 2709 807 2776 versibus
829 2711 887 2776 snb
909 2731 973 2775 uno
998 2718 1169 2795 conspectu
1191 2713 1304 2796 positis

200 2822 301 2889 cuivis
321 2824 505 2908 apparebit,
534 2823 663 2889 initium
686 2843 813 2907 quoque
835 2843 946 2888 versus
968 2823 1022 2906 qui
1045 2823 1206 2906 sequitur,
1235 2845 1303 2888 mu-

201 2939 297 3015 tetur,
318 2933 489 3018 legendum
510 2934 678 3019 proposui:

331 3049 436 3132 Atque
457 3047 557 3112 animi
577 3047 714 3129 ingratis
736 3046 837 3110 vitam
859 3066 975 3111 vexare
997 3046 1064 3110 siue
1085 3046 1153 3110 ulla

330 3160 436 3226 Pausa
457 3164 555 3244 atque
577 3159 701 3224 infestis
723 3158 795 3243 cogi
815 3157 938 3224 saevire
960 3158 1110 3242 querellis

200 3275 332 3355 (Postea
347 3274 479 3358 cognovi
495 3272 678 3338 Munroium
693 3272 726 3336 iu
743 3271 880 3337 eandem
894 3271 1044 3337 incidisse
1059 3271 1302 3352 coniecturam).

201 3389 265 3456 Sed
292 3408 332 3453 ne
361 3387 441 3453 haec
470 3385 599 3471 quidem
629 3384 811 3451 emendatio
835 3404 910 3448 vera
933 3404 1001 3448 esse
1023 3388 1139 3466 potest.
1185 3381 1304 3446 Mirum

201 3503 287 3568 enim
311 3501 436 3567 ridetur
458 3500 618 3566 nemiuem
640 3497 747 3564 adbuc
761 3497 951 3581 praesertim
967 3496 1040 3579 qui:
1064 3503 1150 3578 copel
1162 3495 1212 3559 in:
1237 3492 1305 3577 copi

201 3614 378 3682 rectissime
399 3619 554 3694 mutaret,
576 3612 707 3690 vidisse,
730 3609 1017 3687 constructionem,
1040 3628 1156 3672 vexare
1177 3608 1204 3672 si
1226 3607 1304 3691 legi·

201 3750 289 3807 mus,
321 3733 407 3792 stare
428 3747 493 3791 uon
514 3744 616 3809 posse.
661 3722 890 3788 Lachmannus
911 3721 1059 3806 quidem,
1092 3726 1129 3786 ut
1152 3740 1236 3785 nuno
1259 3719 1302 3783 vi·

199 3839 270 3920 deo,
293 3836 418 3921 aliquid
440 3836 619 3921 suspicatus
641 3833 777 3915 videtur,
800 3832 855 3917 qui
877 3832 1047 3898 decursum
1062 3831 1240 3897 sententiae
1255 3830 1303 3896 in-

202 3951 322 4017 dicavit
343 3950 385 4015 ad
408 3950 535 4016 Lucret.
558 3970 590 4034 p.
607 3953 669 4014 349
693 3948 744 4014 his
765 3947 891 4014 verbis:
928 3946 1175 4011 Praecesserunt
1203 3942 1301 4007 haec:

199 4082 302 4146 quum
324 4061 406 4128 vidit
427 4061 572 4130 homines
591 4064 700 4126 tamen
722 4060 837 4125 auxios
858 4080 926 4125 esse
948 4058 1064 4124 invitos
1085 4056 1204 4122 vexari.
1237 4055 1303 4119 Ita-

202 4193 264 4259 que
286 4172 431 4239 clausula
451 4194 560 4240 versus
582 4193 681 4256 quum
703 4170 894 4237 coniecturis
922 4174 1036 4254 pateat
1061 4189 1171 4234 versus
1192 4167 1238 4233 sic
1259 4166 1304 4232 le·

201 4303 276 4368 gere
297 4304 484 4369 possumus:
