3117 5134
737 451 757 513 5

193 635 328 702 fortuito
351 639 423 701 orta
445 655 514 702 esse
536 639 674 701 censeat.
720 635 871 701 Ceterum
886 635 942 719 qui
957 642 1078 720 negant
1091 640 1195 702 totum
1209 636 1295 703 hunc

194 747 350 812 mundum
372 748 506 814 consilio
528 747 651 812 factum
673 768 741 813 esse
764 748 915 833 regique,
952 769 1006 814 eos
1028 749 1094 814 iam
1116 748 1296 832 antiquitus

193 858 367 926 eadem-de
389 862 537 925 universo
560 859 725 940 statuisse,
764 880 848 944 quae
869 867 979 926 nostro
1002 881 1129 945 quoque
1151 865 1295 946 ternpore

193 972 227 1037 in
249 971 391 1038 medium
412 970 542 1056 prolata
572 976 664 1053 sunt,
702 970 774 1054 quis
804 975 853 1036 est
883 972 938 1056 qui
960 971 1105 1037 miretur.
1145 972 1296 1057 Namque

147 1068 153 1074 ’
193 1082 434 1148 Anaximander
455 1081 618 1147 hominem
645 1080 692 1146 ita
719 1085 827 1147 ortum
856 1101 924 1148 esse
952 1081 1053 1163 dixit,
1090 1087 1128 1147 ut
1155 1084 1296 1167 primum

192 1195 288 1281 piscis
310 1195 446 1261 formam
468 1193 603 1260 haberet
624 1193 842 1293 aquatilisque
869 1199 953 1260 esset
981 1200 1014 1260 et
1043 1195 1158 1262 deinde
1179 1197 1214 1262 in
1236 1197 1295 1263 sie

192 1328 266 1373 cum
295 1308 449 1374 transiret
477 1307 679 1393 hominisque
706 1306 845 1372 formam
874 1307 993 1372 sensim
1021 1309 1190 1394 acciperet.
1250 1311 1295 1374 Ac

192 1418 393 1484 Darviniana
418 1418 477 1484 illa
506 1420 590 1485 ratio
619 1424 652 1484 et
681 1439 792 1485 eorum
822 1419 877 1503 qui
905 1419 989 1484 banc
1011 1422 1113 1487 secuti
1134 1427 1210 1488 sunt
1231 1442 1296 1507 qua

193 1532 369 1617 specierum
397 1532 553 1615 originem
583 1532 764 1616 explicant,
801 1553 909 1599 nonne
937 1534 1050 1599 similis
1076 1540 1126 1601 est
1154 1535 1296 1601 Lucretii

193 1642 377 1724 doctrinae,
415 1643 589 1709 secundum
620 1663 718 1726 quam
740 1642 885 1708 homines
907 1664 946 1708 ex
969 1648 1056 1709 terra
1079 1651 1296 1729 provenerunt

192 1758 233 1833 et,
256 1774 356 1838 quum
370 1753 460 1819 casui
475 1753 583 1818 omnia
596 1753 791 1833 tribuantur,
814 1752 917 1817 multa
938 1752 1156 1833 „animantum
1171 1754 1294 1817 saeclo“

193 1862 301 1941 (Lucr.
325 1861 362 1941 V,
391 1883 419 1925 v.
437 1864 514 1943 852)
544 1866 655 1947 utpote
684 1884 749 1929 non
778 1863 892 1928 vitalia
921 1863 1140 1928 interierunt?
1192 1864 1296 1942 Quam

192 1971 386 2038 sententiam
408 1971 552 2038 dubitari
574 1994 640 2039 non
661 1980 767 2060 potest
782 1976 860 2059 quin
875 1976 1044 2042 Lucretius
1058 1975 1099 2041 ab
1114 1977 1296 2060 antiquiore

192 2085 399 2171 philosopho,
422 2085 463 2152 ab
483 2086 677 2171 Empedocle
700 2087 752 2153 vel
776 2088 817 2154 ab
840 2089 909 2173 ipso
932 2088 1115 2154 Democrito
1137 2090 1295 2169 sumserit,

193 2220 288 2284 quem
303 2199 402 2264 etiam
416 2199 449 2264 in
465 2198 538 2264 aliis
552 2200 648 2267 rebus
664 2206 792 2266 secutus
807 2205 864 2281 est,
888 2220 971 2284 quae
989 2198 1093 2265 obiter
1106 2221 1175 2265 rem
1188 2220 1295 2266 seeum

191 2312 356 2396 reputanti
375 2312 444 2378 eius
468 2314 618 2398 propriae
635 2314 738 2380 videri
753 2314 887 2399 possint.
926 2314 1096 2380 Lucretius
1111 2314 1196 2380 enim
1212 2334 1295 2398 quae

191 2419 286 2486 docet
300 2419 454 2505 exemplis
464 2421 720 2509 imaginibusque
735 2424 904 2490 illustrare
916 2424 999 2490 solet
1013 2423 1183 2508 agentibus
1198 2428 1231 2488 et
1244 2424 1295 2488 in·

195 2533 330 2618 signitis,
351 2534 400 2599 ita
414 2533 457 2614 11,
477 2538 538 2599 114
552 2541 716 2601 moventes
728 2541 853 2602 atomos
864 2540 1031 2620 comparat
1042 2542 1115 2600 cum
1127 2555 1296 2619 corpuscu-

195 2645 244 2725 lis,
266 2665 349 2730 quae
370 2647 404 2710 in
427 2646 503 2712 solis
524 2647 625 2713 radiis
646 2669 705 2732 per
727 2648 903 2715 fenestram
924 2645 1138 2714 incidentibus
1153 2649 1296 2713 errantia

195 2757 416 2841 conspicimus.
439 2758 630 2824 Aecuratius
645 2780 720 2825 vero
736 2761 792 2844 qui
806 2781 875 2826 rem
890 2781 999 2826 secum
1013 2761 1235 2844 reputaverint
1248 2760 1296 2825 in·

194 2868 348 2953 tellegent
370 2867 437 2932 iam
458 2867 678 2934 Democritum
699 2870 814 2935 eadem
836 2870 1074 2954 comparatione
1099 2890 1193 2935 usum
1215 2890 1294 2948 esse,

192 2981 227 3049 id
249 2982 336 3067 quod
357 3002 451 3048 nemo
473 2981 631 3066 interpres
661 2982 826 3068 hucusque
855 2983 1093 3049 animadvertit.
1136 2982 1231 3048 Arist.
1255 2980 1295 3048 de

194 3095 304 3161 anima
325 3097 389 3159 404
397 3114 427 3159 a.

280 3318 372 3399 Quod
393 3341 469 3386 vero
491 3320 660 3385 Lucretius
680 3341 749 3384 rem
771 3319 946 3402 aptissimis
961 3319 1115 3403 exemplis
1130 3325 1207 3385 ante
1221 3339 1295 3385 ocu·

193 3432 242 3499 los
264 3453 383 3518 ponere
404 3433 496 3513 solet,
518 3433 552 3498 id
574 3432 662 3498 laudi
678 3433 708 3498 ei
724 3453 745 3498 a
759 3432 895 3498 Goethio
918 3431 970 3512 (cl.
988 3432 1119 3511 Goethe‚
1141 3430 1295 3497 Riemer‘s

193 3544 441 3629 Mittheilungen
464 3544 544 3611 iiber
566 3543 688 3609 Goethe
710 3549 729 3608 2
751 3566 803 3629 pg.
821 3549 884 3609 644
898 3542 948 3627 ff.)
969 3544 1120 3624 vertitur,
1143 3544 1199 3626 qui
1220 3563 1294 3628 poe-

192 3663 260 3724 tam
282 3678 320 3723 eo
343 3657 403 3723 sibi
426 3657 654 3742 sempiternam
668 3657 860 3723 memoriam
871 3657 1106 3742 comparavisse
1120 3656 1293 3735 existimat,

192 3771 278 3857 quod
300 3791 368 3853 res,
391 3791 473 3855 quae
497 3769 640 3855 quotidie
662 3769 733 3835 fieri
754 3753 875 3850 sblent,
897 3758 973 3835 ante
996 3770 1105 3836 oculos
1126 3771 1219 3854 quasi
1241 3791 1294 3853 ge·

191 3891 306 3953 rantur
327 3885 418 3951 nobis
440 3904 568 3970 ponere,
591 3903 692 3967 eoque
715 3882 852 3961 orationi
873 3903 989 3949 nervos
1010 3883 1128 3949 addere
1142 3882 1292 3968 potuerit.

192 3998 341 4064 viridam
369 3997 468 4082 igitur
497 3995 661 4081 quandam
688 3994 843 4062 Goethius
871 3996 900 4061 ei
922 3995 1036 4062 tribuit
1058 3995 1293 4079 cogitationem,

193 4129 276 4193 quae
296 4110 330 4174 in
352 4109 552 4175 illustrandis
573 4107 668 4174 rebus
689 4107 927 4192 circumspiciat
946 4112 981 4172 et
1001 4107 1095 4192 paria
1113 4105 1293 4190 similiaque

193 4221 235 4287 ad
263 4242 331 4286 rem
360 4243 458 4306 quam
486 4227 607 4289 tractat
627 4220 828 4306 probandam
851 4220 1014 4317 adhibeat.
1058 4219 1102 4284 Et
1122 4226 1199 4285 sunt
1219 4241 1293 4305 pro·

191 4332 276 4399 teoto
305 4331 340 4398 in
369 4331 460 4398 libris
487 4338 601 4417 poetae
630 4343 698 4399 tam
728 4337 860 4416 agentes
881 4337 915 4397 et
935 4331 1107 4399 distinctae
1128 4332 1292 4416 imagines,
