3117 5134
718 465 757 527 13

185 645 225 712 cf.
249 645 358 732 Hitcig
379 647 413 712 in
436 668 548 713 comm.
570 647 614 713 ad
636 647 751 713 Erech.
773 669 805 732 p.
832 651 901 712 199.
949 649 994 712 Ac
1016 652 1124 713 tamen
1143 647 1196 712 rix
1218 662 1285 715 cre·

185 760 218 825 di
240 764 364 844 potest,
397 759 528 844 Tyrios,
565 761 621 844 qui
649 781 810 845 purpuras
838 760 1002 826 habebant
1022 760 1116 843 longe
1138 761 1286 843 optimas,

185 869 340 935 eiusmodi
370 871 563 937 vestimenta
590 893 631 936 ex
658 872 746 937 Elisa
774 870 843 957 (vel
870 892 910 937 ex
939 874 1010 957 ipsa
1039 872 1147 954 Elide)
1175 872 1287 939 colora

184 999 281 1044 causa
303 985 493 1065 asportasse.
538 983 644 1062 Quum
665 990 774 1051 autem
796 984 828 1049 h.
851 983 872 1049 Ι.
895 985 1007 1069 byssus
1027 984 1224 1069 Aegyptiace
1251 985 1286 1049 in

184 1088 402 1174 parallelismo
431 1113 526 1176 quem
555 1101 670 1161 vocant
698 1097 882 1162 nominetur
911 1118 984 1162 cum
1005 1097 1145 1163 vestibus
1167 1117 1287 1181 purpu-

183 1204 247 1268 reis
276 1209 310 1268 et
337 1204 547 1289 conchyliatis
579 1227 619 1272 ex
646 1208 735 1274 Elisa
756 1211 938 1294 asportatis,
961 1209 1132 1277 verisimile
1155 1215 1205 1275 est
1225 1209 1286 1274 hoc

183 1315 254 1380 loco
273 1314 367 1398 bysso
388 1317 603 1403 Aegyptiacae
625 1319 738 1386 Eleum
767 1323 906 1406 opponi,
943 1343 1026 1406 quae
1054 1323 1139 1406 byssi
1168 1341 1286 1405 genera

184 1422 269 1487 inter
296 1416 337 1488 sd
360 1432 527 1509 comparat
555 1428 648 1494 Paus.
677 1434 706 1509 5,
734 1436 764 1511 5,
793 1435 828 1497 2:
871 1425 891 1518 ἦ
920 1429 957 1496 δὲ
986 1426 1110 1514 βύσσος
1136 1425 1156 1519 ἦ
1184 1427 1219 1497 ἐν
1245 1435 1287 1517 τῇ

182 1527 297 1623 Ἠλείᾳ
319 1532 521 1625 λεπτότητος
540 1537 601 1622 μὲν
622 1537 715 1608 ἕνεκα
736 1535 796 1608 ov'u
817 1538 940 1610 c'rrodei
953 1539 1190 1632 τῆςἛβραίων,
1214 1539 1287 1611 ἔστι

186 1644 222 1712 δὲ
243 1640 301 1729 οὐχ
322 1641 445 1730 ὁμοίως
466 1644 581 1739 ξανθή.
626 1653 762 1737 Byssina
790 1655 877 1720 enim
904 1653 970 1719 fere
1000 1674 1124 1740 semper
1153 1661 1190 1721 ut
1220 1654 1287 1720 Coa

183 1779 328 1843 purpura
349 1759 566 1845 tingebantur.
611 1764 680 1842 Quo
702 1763 839 1831 fortasse
868 1764 991 1831 factum
1020 1773 1090 1845 est,
1125 1771 1163 1830 ut
1185 1765 1286 1849 Hesy-

184 1872 289 1954 chius,
311 1872 442 1954 Suidas,
464 1880 576 1940 auctor
597 1876 825 1962 Etymologici:
860 1876 990 1960 byssina
1012 1870 1166 1963 πόρφυρα
1187 1877 1286 1941 inter-

183 1991 398 2069 pretarentur.
443 1988 532 2067 Quae
554 1989 582 2054 si
604 1991 650 2054 ita
672 1995 762 2070 sunt,
784 1990 950 2056 hominum
971 1989 1139 2054 doctorum
1161 1995 1287 2054 senten-

184 2099 240 2178 tia,
263 2101 319 2184 qui
333 2101 463 2197 ‘Elisam
486 2101 599 2167 Genes.
625 2107 673 2183 10,
697 2108 717 2168 4
745 2108 778 2169 et
799 2102 913 2168 Erech.
938 2106 988 2183 27,
1012 2108 1030 2167 7
1059 2122 1286 2169 commemora

186 2216 253 2277 tam
274 2211 400 2277 Elidem
423 2232 491 2277 esse
513 2216 640 2297 putant,
663 2213 723 2278 hoc
745 2218 935 2297 argumento
951 2211 1135 2279 confirmari
1149 2218 1265 2297 potest.

268 2324 331 2390 Sed
352 2329 390 2389 ut
410 2325 476 2390 iarn
497 2324 540 2390 ad
555 2324 723 2391 Alidensia
736 2325 915 2405 redeamus,
937 2346 1056 2409 magna
1070 2325 1162 2392 nobis
1177 2325 1288 2391 existit

185 2435 365 2502 difficultas.
424 2436 546 2502 Pedum
576 2438 662 2502 enim
692 2437 745 2502 lex
774 2437 941 2503 Alidensia
969 2458 1120 2523 respuere
1149 2439 1285 2505 videtur.

184 2550 227 2614 At
248 2549 388 2634 primum
416 2550 481 2615 iam
503 2549 563 2616 hoc
584 2551 656 2635 ipsa
677 2550 772 2615 metri
795 2551 985 2616 necessitate
1007 2550 1209 2635 aliquomodo
1231 2573 1286 2616 ex·

184 2664 289 2728 cusani
317 2668 434 2746 potest.
477 2663 575 2729 Nullo
597 2664 683 2729 enim
704 2663 800 2730 modo
823 2663 993 2730 Lucretius
1015 2665 1184 2731 creticum:
1223 2665 1286 2731 alt·

185 2774 297 2839 densia
318 2795 413 2840 versu
434 2774 596 2842 includere
617 2777 732 2861 potuit.
778 2777 885 2856 Quare
912 2782 1025 2861 poetae
1046 2779 1081 2841 in
1102 2777 1286 2844 nominibus

184 2885 324 2970 propriis
344 2886 525 2952 tractandis
548 2907 569 2952 a
590 2908 700 2954 severa
721 2889 817 2955 metri
839 2889 909 2973 lege
938 2887 1087 2954 recedere
1115 2888 1219 2954 solent
1245 2887 1284 2954 cf.

185 2997 299 3064 Horat.
324 2998 383 3066 Od.
406 2999 466 3081 ΙΙΙ,
488 3005 519 3080 4,
544 3004 583 3067 10
605 3000 757 3086 Apuliae,
789 3001 845 3068 ubi
866 3004 964 3086 poeta
984 3001 1017 3065 in
1041 2999 1166 3068 duobus
1188 3001 1284 3067 versi-

184 3111 244 3178 bus
266 3133 335 3178 sese
356 3113 589 3198 excipientibus
612 3114 747 3180 eandem
769 3113 927 3197 syllabam
948 3118 982 3180 et
1002 3114 1156 3198 produxit
1170 3118 1203 3180 et
1217 3135 1285 3180 cor·

183 3224 292 3308 ripuit.
336 3224 376 3290 cf.
408 3245 491 3309 quae
520 3225 702 3293 attulerunt
723 3226 910 3310 Interprett.
933 3225 954 3290 Ι.
977 3246 1006 3292 a.
1030 3226 1178 3293 Priamus
1200 3231 1285 3309 (τω)

185 3342 219 3402 eb
239 3336 417 3403 Priamides
442 3342 611 3422 (..uu..)5
640 3337 775 3404 Sicaniis
797 3344 907 3420 (ta-ts,
929 3371 1014 3419 υυυ,
1035 3344 1145 3420 -υυ),
1181 3337 1285 3404 Italus

185 3453 199 3532 (
199 3483 384 3531 υυυυυυυ
384 3456 396 3531 )
424 3456 458 3516 Ob
479 3449 576 3517 stalla
597 3455 746 3532 (..υυυ),
775 3450 928 3518 SeerllllS
950 3454 1069 3533 (..υυυ
1090 3456 1124 3516 eb
1145 3457 1286 3534 --υυ),

185 3563 327 3629 Fidenae
357 3566 492 3645 (..-..,
521 3568 644 3644 υ-..),
690 3561 731 3628 οΙ.
760 3562 915 3630 Jahnium
944 3562 987 3628 ad
1017 3562 1131 3628 Horat.
1163 3561 1223 3629 Od.
1256 3566 1285 3644 3,
1361 3567 1363 3569 ’

186 3681 286 3758 4,10.
1178 3667 1183 3677 '

270 3786 443 3852 Praeterea
465 3783 500 3850 id
522 3804 649 3870 quoque
671 3803 824 3850 excusare
845 3803 984 3869 possum,
1006 3785 1201 3866 Lucretium,
1230 3785 1286 3869 qui

186 3899 253 3965 (loa
274 3896 443 3963 notissima
463 3896 627 3981 ignoraret
647 3894 702 3978 (cf.
725 3893 911 3960 Lachmann
934 3894 976 3961 ad
997 3895 1124 3962 Lucret.
1146 3918 1177 3979 p.
1199 3897 1286 3979 269),

187 4011 383 4077 Ahdensium
411 4010 565 4093 originem
594 4013 797 4094 perspectum
825 4030 891 4075 non
917 4008 1066 4074 habuisse
1094 4006 1286 4073 verisimilli-

186 4142 275 4188 mum
296 4142 373 4188 esse.
418 4121 585 4190 Eiusmodi
613 4121 736 4215 aliquid
764 4123 805 4189 iis
833 4121 973 4187 maxime
1003 4118 1184 4185 nominibus
1212 4140 1286 4203 pro·

186 4235 265 4322 priis
286 4235 469 4319 contigisse,
496 4256 578 4320 quae
601 4236 636 4302 in
658 4236 790 4302 nomina
812 4233 1010 4320 appellativa
1031 4232 1195 4314 abierunt,
1228 4253 1286 4316 per

186 4370 220 4417 se
242 4347 442 4434 intelligitur.
486 4349 650 4417 Audacius
671 4349 779 4431 etiam,
803 4349 921 4434 quippe
943 4347 1029 4432 quod
1050 4366 1092 4413 ne
1106 4346 1201 4412 metri
1216 4345 1286 4431 qui-
