3117 5134
690 393 757 468 ,39
871 390 873 393 ,

186 585 267 658 baec
297 574 453 658 'vocabula
482 589 667 656 Lucretium
698 590 742 655 fit.
764 590 935 656 verisimile
957 611 997 656 ex
1019 591 1143 672 Nonio,
1179 592 1235 676 qui
1256 613 1287 676 p.

188 706 305 785 59,21,
338 705 473 782 136‚10,
504 706 602 785 158,1
633 701 756 788 profert
776 700 856 767 hoec
879 700 1035 767 voccbuls
1057 701 1124 767 solo
1147 700 1289 788 Lucretii

86 856 88 861 ·
186 816 314 883 nomine
336 819 502 880 annotato.

180 923 182 927 ’
272 925 358 991 Η33.
373 924 509 990 fortusse
536 925 676 1010 pertinet
703 925 860 991 mirabilis
879 924 946 990 illa
967 925 1116 991 adiectivi
1139 925 1243 990 forme
1266 925 1289 990 1.

187 1039 232 1105 Vl
253 1055 282 1104 r.
300 1041 361 1103 762
385 1038 505 1104 Putese
526 1038 673 1123 regiones
695 1039 715 1102 i.
729 1059 756 1103 e.
780 1036 990 1103 Puteolanae.
1036 1036 1190 1127 Codicum
1212 1036 1290 1101 sori·

185 1155 287 1234 pture
305 1150 385 1217 haec
406 1156 470 1216 est:
504 1150 612 1216 13333
633 1171 674 1215 33
697 1150 805 1215 Ρ31313
826 1150 893 1214 3331
914 1149 1099 1234 regionibus
1120 1169 1190 1215 esse
1212 1148 1288 1214 Cre·

187 1260 284 1325 datur
305 1266 337 1325 et
359 1282 390 1344 q.
404 1242 437 1326 s.
498 1260 725 1325 Lachmannus
752 1258 833 1324 illud
861 1260 964 1343 puteis
997 1261 1114 1326 codicis
1150 1261 1288 1326 mutavit

61 1431 70 1443 .
185 1375 219 1438 in
242 1372 362 1437 Pulsis.
407 1371 490 1438 Urbs
518 1372 644 1464 Puteoli
671 1393 735 1437 non
763 1372 812 1436 113
839 1372 937 1456 longe
960 1373 1060 1441 abest
1080 1393 1102 1437 3
1123 1372 1234 1438 Gumis
1256 1377 1289 1437 et

186 1483 259 1548 laon
281 1482 416 1549 Averno.
460 1483 577 1548 Forma
599 1482 749 1548 adiectisi
771 1488 898 1563 autem,
936 1491 973 1549 ut
994 1485 1062 1568 ipse
1086 1484 1165 1549 dicit
1186 1483 1288 1548 Lach-

186 1617 333 1676 mannus,
355 1617 459 1680 neque
482 1596 624 1662 Lucilius
640 1617 723 1686 usus
746 1601 796 1661 est
817 1618 917 1680 quum
940 1596 1094 1661 scriberet
1114 1597 1149 1661 in
1172 1596 1287 1661 satire-

186 1730 257 1774 rum
280 1709 394 1775 tertio:
432 1708 512 1774 Inde
540 1707 786 1774 Dicaearchium
813 1709 950 1794 populos
978 1708 1157 1794 Delumque
1185 1710 1287 1775 minc-

174 1826 264 1901 rem,
286 1840 390 1904 neque
412 1839 483 1887 enm
504 1826 579 1905 post
592 1820 780 1886 Lucretium
802 1819 886 1886 31133
901 1826 998 1905 poete
1011 1820 1213 1904 periclitatus
1227 1827 1284 1886 est

186 1932 319 1999 Accedit
347 1934 432 2017 quod
461 1953 501 1997 ne
528 1933 632 1999 Vsrro
659 1932 812 2016 quidem,
848 1934 904 2017 qui
931 1933 970 1999 de
999 1934 1075 2017 ling.
1098 1934 1155 1998 131.
1179 1935 1217 2014 V,
1246 1938 1287 1999 25

186 2047 265 2113 haec
287 2046 400 2117 hebet:
428 2048 452 2110 A
476 2046 583 2131 puteis
606 2045 761 2130 oppidum
775 2045 912 2127 Puteoli,
934 2047 1018 2129 quod
1035 2047 1191 2111 incircum
1213 2068 1287 2113 eum

186 2161 290 2227 locum
313 2181 417 2244 oquae
440 2160 575 2245 frigidae
597 2159 736 2239 multce3
759 2159 842 2225 hane
865 2157 1044 2225 mirabilem
1060 2158 1209 2224 adieetivi
1223 2157 1288 2224 lor·

187 2290 272 2334 mam
294 2269 335 2334 ad
358 2269 605 2354 originationem
627 2288 718 2332 susm
741 2266 935 2334 firmandam
957 2267 1078 2333 attulit.

271 2382 382 2466 Neque
412 2381 526 2447 Festus
556 2403 587 2466 p.
610 2384 671 2446 218
700 2380 827 2447 Miiller.
858 2381 954 2446 huius
981 2378 1139 2445 Adiectivi
1163 2377 1287 2444 formae

186 2497 381 2565 mentionem
404 2494 494 2574 fecit3
527 2514 724 2579 quemquam
746 2493 913 2565 fatendum
934 2496 1000 2572 est,
1027 2492 1146 2572 locum,
1170 2490 1287 2557 ubido

186 2607 326 2672 Puteolis
347 2608 469 2692 agitur,
499 2627 650 2672 mancum
673 2627 752 2672 esse.
797 2606 894 2677 Silius
915 2626 1042 2690 quoque
1065 2604 1198 2671 Italicus
1219 2624 1287 2669 mc·
1416 2672 1418 2675 ,

186 2718 248 2785 lnit
276 2721 465 2785 Pnnolcnoo
491 2720 586 2784 metri
617 2739 715 2805 cause
743 2717 965 2802 Phereryodas
994 2717 1100 2782 dicere
1127 2716 1200 2797 XII,
1226 2719 1285 2780 159
1392 2738 1394 2745 ·

185 2850 293 2894 muros
321 2829 570 2916 Phereoyndum.
627 2830 716 2909 Quae
743 2850 843 2912 quum
869 2829 916 2893 ita
947 2828 1033 2905 sint,
1069 2826 1147 2891 mihi
1175 2832 1287 2891 temen

185 2943 365 3008 emendatio
388 2943 652 3009 Lachmannisna
674 2940 843 3027 probatur3
879 2963 955 3006 nam
978 2947 1012 3007 et
1031 2942 1090 3005 boe
1112 2939 1182 3004 loco
1204 2939 1287 3004 sicut

186 3054 258 3120 31113
280 3055 391 3120 multis
411 3060 540 3140 poetam
562 3060 665 3120 metro
689 3053 813 3137 aliquid
835 3052 985 3119 tribuisse
1009 3050 1161 3116 videmus.
1201 3048 1286 3129 Quid

184 3166 270 3230 enim
292 3165 412 3231 faceret
433 3163 531 3251 poete
552 3186 652 3251 quum
667 3165 880 3231 Puteolanum
902 3164 992 3230 nullo
1013 3164 1108 3232 modo
1130 3163 1287 3230 3333313-

185 3276 313 3341 cludere
335 3279 462 3361 posset?

228 3388 282 3467 VI,
306 3391 369 3452 804
391 3393 426 3453 31
448 3410 547 3472 quum
569 3388 713 3455 membra
735 3387 872 3454 domnus
891 3389 1034 3474 percepit
1048 3388 1172 3454 fervida
1186 3387 1286 3455 servis

389 3502 470 3567 Tum
492 3501 530 3568 fit
551 3503 629 3569 odor
650 3503 717 3568 vini
739 3508 800 3569 313.

271 3612 496 3680 Lachmannus
524 3615 694 3700 legendum
729 3615 844 3682 suadet
877 3616 953 3678 odor
985 3613 1047 3679 oiri
1080 3621 1112 3681 et
1140 3614 1286 3700 percepit

184 3724 336 3790 fervidior
357 3726 413 3791 oie.
461 3727 547 3793 Dicit
574 3729 661 3793 enim
682 3733 811 3814 poetam
832 3728 885 3805 bic
906 3749 972 3794 non
993 3728 1033 3795 dc
1055 3729 1122 3795 3113
1143 3750 1178 3795 33
1201 3730 1285 3796 (1133·

183 3859 229 3920 33,
251 3859 348 3923 quam
371 3838 411 3905 de
433 3839 502 3924 ipso
525 3840 701 3907 carbonum
722 3842 828 3923 odore,
851 3843 885 3907 in
907 3863 971 3926 quo
993 3842 1201 3909 describendo
1215 3863 1285 3910 ver·

184 3971 238 4018 sus
259 3953 322 4019 duo
344 3953 482 4039 proximi
504 3959 682 4020 versantur.
727 3956 771 4019 At
790 3953 935 4038 fercidm
955 3954 1084 4039 proprie
1104 3953 1222 4019 dicitur
1243 3952 1283 4018 de

184 4065 282 4129 musti
304 4066 431 4151 vinique
460 4066 600 4148 fervore;
624 4066 663 4132 cf.
685 4067 767 4132 Plin.
795 4071 843 4149 14,
868 4071 897 4147 9,
923 4070 971 4131 11.
1024 4066 1215 4133 Coniunctio
1236 4076 1282 4143 at,

183 4194 266 4257 qnae
293 4175 498 4243 Lachmanno
526 4178 645 4244 indicio
671 4184 741 4260 est,
778 4184 908 4262 poetam
933 4178 964 4242 h.
989 4178 1011 4243 1.
1039 4179 1080 4246 (13
1107 4178 1282 4246 carbonum

184 4284 281 4352 odore
302 4279 426 4368 dicere,
462 4288 540 4354 mihi
567 4290 615 4354 113
636 4289 788 4374 explicari
811 4310 904 4372 posse
928 4288 1067 4354 videtur:
1105 4288 1281 4353 carbonum
