3117 5134
1600 428 1685 495 40

543 614 756 700 gravis
798 615 892 680 vis
939 615 1134 700 capiti
1180 616 1465 682 dolorem
1510 616 1718 698 affert,
1764 622 1834 682 at
1879 617 2009 681 vini
2052 615 2281 682 fervidi
2324 616 2420 681 vis
2465 616 2518 682 si
2548 637 2745 682 mem-

543 724 665 790 bra
708 725 935 792 domus
979 727 1291 812 percepit,
1338 729 1496 793 odor
1538 729 1678 794 eius
1721 729 1797 794 fit
1839 729 2070 814 plagae
2113 729 2477 793 mactabilis
2517 729 2741 795 instar.

545 835 775 920 Itaque
818 837 1089 903 fortasse
1134 839 1474 923 legendum
1519 846 1589 906 at
1633 863 1691 925 q.
1742 862 1827 908 m.
1874 842 2101 907 domus
2141 841 2429 926 percepit
2452 840 2743 926 fervidu’

543 969 728 1012 sucus
773 948 901 1030 (vel
941 950 1196 1026 fervida
1238 950 1432 1035 seria)
1459 1001 1474 1032 ‚
1547 957 1685 1017 tum
1744 952 1820 1017 fit
1878 953 2034 1018 odor
2089 952 2219 1016 vini
2274 957 2392 1016 etc.
2439 950 2611 1034 quod
2653 951 2745 1015 sic

545 1058 829 1143 explico:
900 1081 1098 1143 quum
1143 1059 1371 1125 cellam
1415 1062 1732 1127 vinariam
1779 1061 2006 1127 fervidi
2053 1062 2185 1127 vini
2230 1063 2398 1126 seria
2440 1061 2745 1145 percepit,

543 1175 684 1234 tum
728 1168 803 1234 fit
849 1170 1008 1235 odor
1051 1170 1222 1250 eiuS‚
1287 1176 1353 1236 et
1398 1193 1458 1256 q.
1507 1193 1554 1236 s,
1660 1171 1756 1236 De
1804 1170 2046 1254 „seria“
2094 1192 2211 1254 pro
2258 1171 2397 1253 ipso
2443 1170 2590 1234 vino
2635 1189 2746 1252 po-

544 1285 689 1365 sita,
734 1283 812 1350 cf.
861 1285 1137 1350 mulctra
1169 1284 1414 1350 Colum.
1452 1291 1510 1366 7,
1556 1289 1624 1367 83
1668 1291 2006 1369 praeterea
2054 1284 2298 1366 „seriff
2350 1284 2506 1348 satis
2550 1281 2744 1366 expli-

543 1401 730 1461 catur
774 1417 961 1461 versu
1005 1397 1115 1480 qui
1161 1396 1467 1481 sequitur.
1596 1413 1600 1416 ’

678 1505 909 1586 Nihil,
955 1506 1125 1590 quod
1169 1505 1427 1589 quidem
1473 1512 1718 1571 certum
1766 1507 1868 1586 sit,
1914 1527 1994 1572 ex
2038 1509 2204 1570 mira
2247 1504 2538 1570 codicum
2592 1506 2747 1569 scri-

541 1621 735 1701 ptura
777 1617 938 1682 effici
981 1636 1166 1701 posse
1214 1616 1510 1681 concedo.
1602 1617 1678 1681 In
1725 1617 2091 1701 corruptela
2136 1623 2354 1682 autem
2381 1617 2521 1700 ipsa
2552 1616 2746 1680 medii

545 1729 687 1794 aevi
731 1728 1104 1793 Latinitatis
1146 1728 1415 1811 vestigia
1475 1726 1749 1793 fortasse
1809 1747 2154 1811 agnoscere
2197 1748 2552 1812 possumus.
2640 1728 2745 1792 Li-

542 1840 831 1921 brariuS,
888 1841 997 1924 qui
1042 1839 1282 1924 legeret
1323 1841 1614 1918 domna-3,
1665 1861 1869 1925 neque
1912 1841 2299 1906 sententiam
2340 1845 2745 1924 perspectam

543 1950 829 2032 haberet,
874 1970 1078 2014 servos
1106 1950 1344 2016 inferre
1388 1973 1514 2017 non
1565 1952 1901 2018 dubitavit.
1990 1952 2354 2038 Opponitur
2396 1954 2567 2017 enim
2610 1951 2745 2016 fere

546 2062 844 2127 dominus
906 2063 1106 2127 servis
1163 2068 1238 2128 ut
1297 2063 1405 2129 Gr.
1453 2059 1802 2152 δεσπότης.
1892 2065 1971 2130 cf.
2032 2065 2195 2131 Plin.
2261 2065 2496 2148 Paneg.
2565 2070 2623 2144 7,
2683 2068 2740 2127 6.

545 2174 759 2239 Plaut.
808 2173 994 2258 Capt.
1040 2174 1208 2240 Prol.
1262 2179 1358 2240 18.
1446 2175 1684 2242 Forma
1743 2175 2012 2242 domnus
2056 2196 2171 2261 per
2215 2181 2420 2242 totam
2464 2181 2745 2240 aetatem

545 2287 825 2352 mediam
881 2293 1025 2352 erat
1082 2288 1516 2354 usitatissima.
1606 2289 1686 2355 cf.
1735 2289 2049 2355 Walthar.
2100 2292 2222 2354 249
2283 2288 2368 2354 ad
2426 2308 2745 2372 quaecun-

546 2419 670 2482 que
703 2420 891 2464 vocas
920 2419 1041 2480 me,
1088 2400 1337 2478 domne,
1383 2419 1617 2484 sequar
1649 2400 1950 2466 studiose.
2015 2405 2178 2466 1098
2212 2401 2351 2479 Quo
2383 2419 2483 2464 me
2514 2399 2745 2463 domne

544 2512 780 2576 vocas?
851 2515 1011 2576 1215
1058 2510 1234 2597 fuge,
1282 2511 1541 2594 domne,
1586 2513 2044 2597 propinquant.
2134 2512 2466 2577 Monachis
2509 2517 2745 2593 autem,

544 2622 702 2707 quin
746 2621 965 2688 domni
1011 2643 1241 2686 nomen
1291 2622 1517 2687 tritum
1561 2622 1789 2705 fuerit,
1836 2623 2119 2689 dubitari
2165 2644 2292 2688 non
2335 2628 2566 2708 potest,
2612 2622 2742 2706 qui,

545 2752 746 2816 quum
791 2732 1032 2799 domiui
1078 2753 1311 2798 nomen
1340 2752 1456 2817 per
1486 2733 1919 2799 humilitatem
1951 2733 2275 2817 quandam
2310 2732 2745 2796 Christianam

541 2851 951 2926 recusarent,
1027 2844 1243 2912 domni
1300 2847 1703 2931 potissimum
1764 2847 1969 2912 vocati
2029 2852 2196 2911 sunt.
2285 2845 2364 2910 cf.
2425 2844 2525 2910 Du
2577 2845 2741 2910 Can-

543 2979 717 3041 glum
763 2980 811 3023 s.
861 2981 914 3022 v,
