3117 5134
727 414 765 476 15

196 607 270 685 454,
293 606 370 682 6863
394 601 452 683 III,
475 604 548 682 210,
570 603 643 681 495,
667 602 744 680 5393
767 597 823 675 IV,
846 600 924 679 8683
948 596 986 678 V,
1010 597 1098 681 724),
1121 596 1176 662 sed
1198 596 1296 662 etiam

196 715 320 780 Ennius
342 713 531 799 (Tragoedd.
555 712 657 796 Reliq.
679 733 706 776 v.
730 714 793 775 408
823 709 872 775 ed.
896 708 1039 792 Vahlen)
1066 705 1298 792 conglomeras,

198 831 231 891 et
252 825 406 890 Horatius
427 825 529 910 Epist.
554 824 578 905 I,
605 827 653 905 13,
678 827 717 887 14
739 822 881 906 glomuS,
916 820 1032 905 quibus
1052 820 1131 885 locis
1153 840 1173 883 a
1194 818 1297 884 Lach-

196 960 314 1005 manno
351 961 382 1024 p.
413 942 452 1003 36
490 936 598 1002 allatis
633 935 717 1001 addo
753 933 844 999 Stat
866 933 964 999 Theb.
988 933 1020 1014 I,
1049 937 1108 998 351
1139 931 1317 1017 inglomes

196 1073 278 1118 rare.

282 1164 454 1230 Praeterea
481 1161 517 1228 id
545 1163 670 1247 ipsum,
708 1181 771 1244 quo
799 1159 1025 1224 Lachmannus
1053 1157 1136 1223 illud
1168 1158 1295 1242 glomus

196 1276 304 1359 aliquo
323 1272 421 1349 modo
444 1269 616 1337 defendere
638 1267 755 1349 studet,
778 1288 876 1352 quam
897 1266 1035 1332 maxime
1058 1265 1225 1331 nobiscum
1247 1264 1296 1329 fa·

197 1386 257 1465 oit;
294 1383 372 1449 dicit
394 1383 478 1448 enim
501 1381 544 1446 ad
565 1380 690 1445 Lucret.
713 1401 744 1463 p.
769 1383 826 1445 36:
857 1383 985 1443 constat
1005 1378 1038 1441 in
1060 1376 1171 1461 lingua
1193 1375 1296 1441 latina

196 1499 341 1583 vulgaria
363 1496 522 1581 quaedam
544 1492 700 1559 voeabula
721 1491 770 1556 vel
794 1491 924 1557 nomina
946 1496 978 1555 et
999 1489 1117 1574 partim
1137 1494 1298 1554 vetustate

197 1612 367 1676 obscurata
394 1608 512 1673 habere
541 1626 725 1673 mensuram
746 1608 805 1670 aut
826 1603 1009 1689 ambiguam
1031 1607 1090 1668 aut
1111 1602 1151 1668 ab
1174 1602 1295 1685 origine

196 1745 254 1789 sua
275 1722 443 1788 diversam.
642 1793 646 1803 ¹

282 1833 392 1899 Simile
415 1830 576 1915 quoddam
598 1833 696 1912 atque
713 1826 916 1893 Alidensibus
938 1824 1060 1890 lactum
1082 1829 1132 1889 est
1144 1823 1296 1907 Scapten-

195 1945 284 2010 sulae
310 1941 447 2026 (syllaba
469 1963 491 2005 u
512 1943 675 2023 correpta)
697 1938 824 2003 Lucret.
843 1937 897 2017 VI,
922 1940 994 2000 810.
1038 1935 1177 2001 Romani
1199 1936 1295 2016 enim,

197 2058 253 2140 qui
280 2054 527 2139 originationem
558 2050 667 2135 oppidi
695 2071 759 2115 uon
790 2050 869 2114 satis
898 2054 1098 2133 perspectam
1129 2048 1295 2129 haberent,

197 2166 247 2232 vel
269 2165 402 2245 milites,
435 2169 473 2228 ut
495 2161 702 2227 Lachmanno
724 2160 866 2242 videtur,
891 2180 996 2257 parvo
1017 2160 1135 2244 oppido
1158 2160 1295 2227 formam

196 2278 425 2341 deminutivam
450 2274 619 2339 convenire
640 2272 704 2336 rati
728 2270 961 2355 paenultimam
982 2273 1215 2357 corripuerunt.

280 2389 395 2453 Restat
421 2392 459 2451 ut
487 2386 526 2451 de
555 2385 659 2450 altera
687 2384 784 2450 huius
812 2384 874 2450 loci
897 2405 972 2451 voce
995 2391 1147 2470 corrupta
1170 2383 1294 2468 „otim

194 2500 340 2565 dicamus
361 2519 458 2583 quarn
480 2502 518 2562 ut
539 2466 726 2562 emendaret
746 2497 989 2577 Lachmannus,
1012 2498 1161 2564 Gulielmi
1183 2498 1295 2564 Pellio·

193 2613 268 2678 serii
289 2613 505 2678 coniecturam
527 2616 664 2691 secutus,
686 2612 829 2695 scripsit:
853 2611 918 2677 Cea
932 2610 983 2677 rel
996 2613 1118 2697 potius:
1141 2611 1209 2691 oia,
1232 2612 1297 2676 nisi

194 2743 245 2786 me
267 2721 367 2803 fallit,
390 2728 426 2786 ut
446 2723 578 2807 propius
600 2722 767 2788 accederet
788 2722 830 2788 ad
852 2724 988 2806 vestigia
1009 2723 1164 2789 codicum.
1210 2723 1294 2790 Coae

193 2836 290 2900 vestis
312 2854 378 2900 non
399 2834 470 2901 fieri
490 2835 685 2900 mentionem
707 2836 795 2921 apud
816 2842 939 2902 veteres
954 2841 1087 2922 excepto
1102 2836 1216 2919 Plinio,
1239 2838 1296 2903 sed

195 2948 279 3015 Coae
309 2951 452 3012 tantum·
466 2946 642 3013 Salmasius
668 2948 702 3011 in
731 2947 1014 3014 exercitationibus
1034 2970 1066 3032 p.
1085 2952 1143 3014 101
1174 2948 1293 3015 docuit.

193 3063 420 3128 Lachmannus
451 3061 552 3146 igitur
580 3063 758 3127 Varronem
788 3061 855 3127 (loa
883 3061 924 3127 ab
955 3062 1063 3127 insula
1092 3061 1156 3128 Ceo
1185 3063 1294 3128 venire

192 3174 360 3259 opinatum
382 3172 478 3238 huius
499 3172 618 3237 erroris
638 3171 719 3237 facit
740 3177 924 3251 auctorem,
962 3193 1056 3255 quem
1078 3178 1220 3253 temere,
1256 3178 1295 3238 ut

191 3286 259 3370 ipse
281 3284 376 3363 dicit,
413 3288 541 3349 secutus
563 3288 613 3349 est
633 3288 667 3348 et
688 3282 813 3348 Plinius
834 3288 868 3347 et
888 3282 1065 3349 Lucretius,
1110 3284 1202 3363 Quod
1224 3285 1294 3368 qui-

193 3396 266 3461 dem
287 3395 327 3460 de
349 3396 453 3461 Plinio
475 3399 583 3461 aetate
604 3395 761 3460 Varronis
782 3399 816 3458 ot
837 3395 1030 3461 auctoritate
1058 3393 1192 3480 decepto
1218 3416 1293 3460 cou-

194 3509 263 3573 cedi
284 3512 406 3593 potest,
442 3529 507 3572 non
533 3512 640 3593 potest
661 3507 700 3573 de
723 3506 873 3573 Lucretio
895 3507 929 3571 in
950 3506 1053 3572 literis
1074 3507 1204 3574 Graecis
1226 3529 1293 3574 ma-

192 3641 331 3704 gnopere
353 3626 488 3686 versato.
532 3620 619 3686 Talis
641 3622 727 3686 enim
750 3641 840 3686 error
861 3620 908 3685 ita
929 3625 1057 3686 tanturn
1079 3622 1155 3687 oriri
1177 3623 1291 3707 potuit,

190 3735 439 3839 sitvestimenta
467 3730 525 3797 illa
554 3732 728 3798 admodum
757 3732 868 3816 ignota
891 3736 999 3798 erant:
1038 3736 1073 3797 at
1100 3734 1292 3799 vestimenta

189 3844 373 3911 hominibus
395 3845 511 3909 aetatis
534 3864 611 3909 suae
632 3842 700 3908 fere
721 3843 834 3928 ignota
854 3843 1024 3910 Lucretius
1044 3845 1098 3909 vix
1112 3867 1171 3929 pro
1187 3865 1292 3910 exem·
1346 3882 1350 3889 .

189 3955 252 4039 plis
273 3955 391 4022 habere
413 3956 529 4040 potuit,
552 3955 667 4039 quibus
689 3955 835 4021 homines
857 3955 942 4022 bona
962 3956 1069 4040 patria
1083 3956 1225 4021 lacerare
1242 3978 1292 4021 so·

190 4065 301 4132 lerant.
345 4069 518 4134 Praeterea
539 4068 593 4134 vix
614 4069 786 4134 verisimile
814 4074 882 4150 est,
919 4067 1105 4133 Lucretium
1134 4068 1290 4135 vocabula

191 4186 224 4244 et
245 4160 404 4266 exempla,
434 4182 550 4268 quibus
570 4182 733 4248 luxuriam
756 4183 806 4248 sni
827 4181 980 4267 temporis
1001 4185 1115 4246 notare
1136 4180 1249 4260 vellet,
1272 4201 1290 4246 e

189 4291 318 4377 scriptis
346 4294 577 4379 potiusquam
607 4315 646 4360 ex
676 4295 748 4380 ipsa
776 4295 844 4359 vita
873 4303 906 4359 et
934 4313 1079 4361 sermone
1101 4293 1289 4378 quotidiano
