3117 5134
848 432 888 493 32

449 616 598 683 Animum
621 618 693 682 dico
714 621 854 682 mentem
876 637 966 699 quem
989 634 1084 698 saepe
1105 634 1264 693 vocamus,

320 727 461 810 regulae·
473 732 640 812 repugnat.
685 727 807 792 Attulit
828 726 959 792 Lachm.
985 724 1043 803 III,
1069 728 1129 788 100
1152 723 1300 789 habitum
1322 745 1420 807 quen·

320 839 396 903 dam
424 839 555 904 vitalem
584 878 626 888 -
654 838 855 904 harmoniam
884 837 973 902 Graii
1006 857 1100 921 qaam
1130 835 1242 900 dicunt
1271 842 1304 900 et
1332 857 1363 919 q.
1393 857 1420 901 s.

321 951 470 1016 Ceterum
500 949 700 1015 Lachmanni
729 949 896 1014 adnotatio
926 947 1120 1032 perobscura
1147 947 1282 1011 videtur.
1331 947 1422 1012 Haec

319 1067 428 1126 tamen
451 1062 527 1142 fere,
550 1068 587 1127 ut
608 1068 697 1145 puto,
719 1063 789 1126 eius
810 1061 972 1126 sententia
993 1066 1058 1124 est:
1087 1059 1305 1142 exceptionem
1328 1079 1421 1141 regu-

320 1173 369 1238 lae
391 1195 412 1238 a
433 1195 466 1238 se
489 1176 681 1239 constitutae
704 1194 786 1254 esse,
824 1194 922 1257 quum
952 1177 1027 1237 ante
1053 1170 1224 1235 relativum
1246 1189 1421 1253 pronomen

323 1283 609 1348 demonstrativum
631 1284 771 1366 positum
793 1283 844 1347 sit.
891 1282 990 1347 Cuius
1011 1282 1058 1346 rei
1073 1280 1221 1364 exempla
1236 1300 1304 1344 esse
1320 1280 1422 1345 voluit

321 1394 556 1473 Lachmannus
580 1401 617 1459 ut
637 1396 767 1479 quidem
789 1395 916 1460 videtur
938 1394 1102 1479 (exempla
1123 1395 1209 1459 enim
1224 1394 1336 1459 attulit
1350 1394 1422 1458 nul-

325 1508 357 1572 lo
379 1508 563 1573 discrimine
585 1508 789 1592 interposito)
812 1508 865 1581 VI,
890 1511 952 1571 298
974 1507 1086 1589 igneus
1107 1506 1162 1570 ills
1185 1511 1309 1587 vertex,
1331 1527 1421 1590 quem

301 1622 430 1705 'patrio
457 1621 634 1685 vocitamus
663 1621 792 1684 nomine
821 1618 940 1684 fulmen
971 1625 1004 1684 et
1026 1620 1080 1699 IV,
1104 1623 1165 1683 369
1188 1639 1264 1683 nam
1286 1618 1333 1683 nil
1354 1639 1423 1684 esse
1473 1656 1474 1659 π

319 1739 431 1818 potest
450 1734 532 1799 aliut
553 1734 616 1798 nisi
637 1732 757 1798 lumine
779 1752 888 1797 cassus
915 1752 988 1812 aer,
1018 1732 1052 1796 id
1080 1733 1164 1816 quod
1190 1753 1248 1798 nos
1272 1732 1422 1798 umbram

322 1847 490 1932 perhibere
512 1850 650 1912 suemus.
695 1845 840 1910 Alteram
862 1845 992 1929 regulae
1015 1865 1091 1909 suae
1113 1847 1331 1930 exceptionem
1352 1867 1421 1912 esse
1511 1828 1516 1847 ⁴

323 1962 416 2041 dicit,
447 1983 546 2045 quum
569 1960 610 2026 ad
632 1961 697 2026 duo
719 1959 852 2024 nomina
873 1958 956 2022 illud
980 1958 1150 2023 relativum
1171 1959 1285 2025 referri
1306 1964 1420 2045 potest.

324 2071 423 2136 (luins
445 2073 493 2136 rei
515 2071 663 2156 exempla
684 2077 775 2136 sunt:
814 2070 869 2149 VI,
897 2074 960 2134 702
988 2072 1021 2135 in
1052 2091 1175 2136 summo
1204 2077 1279 2136 sunt
1304 2073 1423 2137 vertice

325 2187 482 2259 crateres,
511 2188 548 2247 ut
569 2182 632 2265 ipsi
655 2181 869 2261 nominitant,
903 2200 961 2244 nos
982 2180 1067 2263 quod
1089 2179 1198 2245 fauces
1219 2181 1424 2265 perhibemus

324 2299 358 2358 et
379 2313 445 2358 ora.
480 2294 538 2371 ΙΙΙ,
564 2297 623 2358 139
646 2292 805 2372 dominari
826 2292 861 2356 iu
884 2313 1017 2377 corpore
1039 2296 1106 2356 toto
1129 2291 1312 2372 consilium,
1341 2294 1426 2376 qaod

325 2425 383 2469 nos
406 2404 548 2469 animum
575 2409 776 2486 mentemque
805 2424 965 2468 vocamus.
1020 2403 1045 2481 Ι,
1068 2406 1120 2466 58.
1168 2401 1255 2470 Quae
1277 2423 1334 2467 nos
1356 2423 1423 2466 ma·

324 2517 439 2581 teriem
464 2522 497 2581 et
518 2516 673 2600 genitalia
694 2534 830 2598 corpora
851 2513 947 2579 rebus
969 2551 1009 2561 -
1032 2511 1205 2597 Appellare
1226 2515 1363 2576 suemus.

410 2732 481 2797 Tali
503 2731 598 2796 modo
622 2731 648 2795 si
670 2735 767 2809 recte,
790 2735 828 2795 ut
849 2730 972 2814 opinor,
996 2729 1156 2814 explicata
1177 2736 1253 2796 sunt
1274 2732 1427 2817 ambigua

324 2842 524 2907 Lachmanni
548 2842 589 2906 ad
612 2842 644 2906 h.
667 2841 688 2904 l.
711 2840 818 2921 verba,
839 2844 942 2904 restat
964 2846 1071 2905 tamen
1095 2841 1181 2924 quod
1204 2840 1427 2907 difficillimum

325 2959 391 3030 est,
428 2954 514 3037 quod
543 2954 597 3035 lv,
623 2958 682 3020 132
712 2954 746 3018 in
775 2953 832 3018 too
859 2953 947 3018 caelo
969 2951 1025 3037 qai
1046 2952 1164 3017 dicitur
1186 2970 1260 3035 aer,
1297 2953 1384 3019 locus
1405 2974 1427 3019 a

326 3062 535 3128 Lachmanno
564 3063 699 3143 allatus,
737 3064 866 3147 regulae
897 3064 936 3127 de
963 3064 1149 3147 exceptione
1176 3065 1210 3129 in
1238 3066 1427 3148 pronomine

326 3174 445 3256 duplici
468 3195 598 3258 prorsus
619 3181 787 3260 repugnat.
816 3176 997 3241 Secundum
1019 3178 1104 3241 enim
1127 3179 1195 3242 eius
1216 3172 1360 3262 regulam
1383 3178 1428 3244 le·

327 3287 464 3369 gendum
489 3293 554 3353 est:
578 3290 611 3353 in
634 3288 694 3353 hoc
716 3288 815 3369 caelo,
838 3290 922 3373 qaod
941 3290 1059 3354 dicitur
1080 3311 1145 3356 aer.
1165 3356 1167 3359 ,
1192 3292 1334 3357 Isidorus
1355 3292 1375 3355 l.
1397 3291 1450 3358 c.'

327 3396 440 3477 habet,
463 3397 549 3481 quod
571 3399 689 3464 dicitur
710 3420 781 3480 aer,
804 3400 860 3464 sed
883 3421 981 3484 quum
1003 3399 1059 3464 alii
1080 3399 1142 3464 hoc
1163 3421 1255 3466 versu
1278 3401 1330 3465 hic
1351 3402 1428 3466 scri·

328 3517 393 3594 pto,
417 3516 559 3592 utantur,
582 3512 663 3577 nihil
686 3513 765 3577 certi
788 3532 828 3576 ex
844 3513 958 3577 Isidori
980 3513 1049 3578 loco
1072 3512 1153 3577 effici
1176 3533 1267 3596 posse
1289 3513 1428 3596 videtur,

226 3712 231 3717 ι
329 3622 390 3686 etsi
412 3623 549 3686 mutatio
570 3623 626 3706 qui
646 3624 679 3688 in
702 3625 796 3707 qaod,
819 3626 1008 3718 praesertim
1030 3645 1129 3707 quum
1152 3625 1173 3690 d
1195 3624 1290 3689 litera
1313 3647 1426 3709 sequa-

199 3724 207 3781 ἶ
328 3737 398 3812 tur,
421 3752 485 3796 non
507 3752 583 3796 sane
606 3732 743 3798 difficilis
765 3739 822 3799 est.
868 3722 987 3815 lllorma
1014 3734 1165 3799 Enniana
1195 3735 1353 3818 „coeluc“‚
1390 3741 1428 3800 ut

328 3841 389 3907 hoc
412 3841 539 3923 addam,
561 3842 731 3910 Lucretius
754 3867 818 3911 non
841 3822 953 3910 utitur.

414 4056 559 4123 Eandem
582 4058 648 4124 fers
671 4058 711 4124 de
734 4059 854 4144 duplici
876 4062 1064 4144 pronomine
1080 4062 1247 4146 Zumptius
1262 4066 1432 4148 proposuit

330 4170 363 4234 in
387 4169 563 4235 Grammat.
586 4170 643 4235 lat.
667 4172 694 4255 ξ.
720 4175 781 4237 372
815 4173 870 4256 qui
899 4173 1010 4237 attulit
1040 4172 1129 4238 Gurt.
1153 4178 1182 4254 3,
1206 4178 1263 4240 20:
1303 4175 1430 4242 Dareus

329 4283 466 4348 adeum
490 4284 604 4364 locum,
627 4306 716 4367 quem
738 4285 911 4349 Amanicas
931 4286 1025 4370 pylas
1046 4292 1172 4368 vocant,
1194 4290 1350 4373 pervenit.
