3117 5134
718 462 759 522 29

188 649 238 704 tae
259 647 335 707 sunt
356 643 477 708 multae
499 664 585 728 apes,
607 665 645 709 ec
667 645 851 729 progeniem
874 649 997 710 veteres
1016 647 1162 711 emittere
1176 645 1289 712 volunt

132 776 135 781 ·
187 754 219 818 in
243 753 399 818 coloniam
422 761 456 821 et
477 779 508 841 q.
532 777 556 820 e.

271 892 408 957 Mutatio
431 895 510 958 setis
531 894 613 960 lenis
635 900 700 976 est3
724 895 820 960 litera
842 918 873 960 m
889 917 929 961 ex
944 897 1107 979 vocabulo,
1130 897 1214 982 quod
1230 918 1287 962 an-

186 1003 319 1068 tecedit:
342 1006 474 1088 opedam
497 1027 518 1070 a
538 1007 670 1072 librario
693 1029 863 1092 perperam
884 1009 1023 1092 repetite
1045 1014 1110 1079 est.
1139 1015 1173 1074 et
1195 1029 1287 1074 voca-

185 1115 270 1181 buli:
294 1116 385 1200 agnis
406 1118 503 1184 litere.
524 1139 545 1183 a
566 1124 599 1184 et
622 1125 636 1184 t
658 1120 858 1185 exciderunt.

272 1257 436 1324 Difficilior
458 1266 506 1325 est
529 1281 654 1341 versus,
685 1261 740 1344 qui
762 1261 908 1344 sequitur
929 1264 1008 1340 963,
1036 1260 1091 1344 qui
1113 1259 1231 1344 legitur
1251 1261 1285 1325 in

157 1418 160 1423 .
186 1367 365 1433 codicibus:
759 1453 762 1461 Ι

337 1479 423 1544 cedit
444 1483 528 1546 enim
551 1503 658 1547 rerum
681 1482 824 1547 novitate
847 1488 978 1547 extrusa
999 1488 1141 1548 vetustas

335 1592 476 1677 Semper,
499 1598 532 1659 et
555 1615 595 1659 ex
617 1593 690 1658 aliis
712 1594 803 1659 eliud
824 1617 976 1679 reparare
998 1601 1167 1661 necessest.

270 1732 388 1797 Versus
411 1733 570 1816 quomodo
593 1734 734 1797 construi
759 1735 874 1817 possit,
897 1754 961 1798 non
983 1733 1089 1815 vide03
1119 1740 1285 1818 exspecta-

183 1862 253 1905 mus
274 1843 455 1925 psssivum:
492 1849 526 1908 et
548 1865 588 1909 ex
609 1844 682 1908 aliis
704 1843 793 1907 aliud
814 1842 963 1926 reparari
983 1846 1161 1919 necessest,
1199 1841 1285 1925 quod

183 1954 311 2037 quidem
334 1955 539 2036 eMunroio,
571 1961 607 2020 ut
629 1978 714 2020 nunc
735 1955 843 2033 video,
876 1955 910 2019 in
933 1955 1076 2019 versione
1099 1974 1284 2037 expressum
1395 1952 1397 1955 ’

183 2071 247 2131 est:
271 2067 325 2131 old
339 2068 448 2152 things
463 2069 534 2151 give
550 2090 618 2152 wey
634 2069 699 2133 end
715 2089 770 2133 are
786 2068 979 2152 supplanted
1001 2067 1042 2150 by
1065 2088 1134 2130 new
1149 2066 1285 2131 without

181 2174 238 2240 fail
259 2178 323 2243 and
345 2199 405 2243 one
427 2178 519 2264 thing
541 2185 628 2243 must
650 2180 685 2242 be
706 2178 903 2262 replenirhed
924 2182 980 2241 out
1003 2177 1039 2241 of
1057 2176 1150 2241 other
1164 2175 1282 2258 things.

266 2316 354 2381 Nihil
375 2322 484 2384 temen
507 2319 541 2383 in
564 2319 828 2385 annotationibus
843 2319 882 2384 de
897 2318 959 2383 hec
980 2338 1015 2382 re
1036 2317 1128 2381 dixit.
1172 2316 1283 2399 Neque

182 2426 276 2491 aliter
298 2428 488 2494 Knebelius:
1265 2477 1268 2482 -

333 2541 421 2606 Muss
450 2542 508 2607 das
535 2540 698 2607 Vereltete
727 2540 835 2619 nicht,
874 2539 1175 2624 hinweggedriinget
1210 2559 1282 2603 vom

440 2652 550 2716 Neueu

333 2760 506 2827 Weichen?
527 2763 641 2828 immer
662 2762 730 2828 sich
752 2763 822 2827 eins
844 2782 902 2826 eus
924 2761 996 2825 dem
1019 2760 1142 2826 andern
1166 2761 1283 2827 wieder

437 2875 617 2957 erge'nzen?

266 2989 311 3052 Ac
332 2987 475 3071 profecto
497 2988 538 3052 ad
561 2987 886 3071 verbum-reparandi
909 3007 967 3051 nec
987 2990 1139 3067 vetustas,
1162 2986 1282 3071 quippe

180 3099 265 3182 quod
294 3099 474 3163 sententiae
502 3103 677 3181 repugnet,
713 3118 817 3182 neque
844 3103 963 3163 notura
994 3097 1135 3182 suppleri
1165 3105 1279 3182 potest,

180 3233 278 3295 quum
306 3217 374 3276 tem
401 3212 500 3277 libere
523 3212 555 3276 iu
578 3211 730 3276 subiectis
752 3212 872 3276 veriori
894 3232 959 3276 non
983 3210 1089 3275 liceat.
1133 3211 1206 3275 Jam
1228 3233 1282 3275 ne-

180 3323 249 3405 gari
272 3344 335 3388 non
358 3327 464 3406 potest
485 3323 670 3387 Lucretium
693 3322 821 3406 saepius
843 3321 941 3387 verba
963 3323 1069 3386 active
1091 3322 1282 3387 neutraliter

180 3456 366 3520 usurpasse,
396 3436 482 3500 velut
505 3435 546 3516 ΙΙ,
572 3440 631 3499 126
654 3454 804 3517 corpora,
833 3435 971 3517 quaein
994 3434 1071 3498 solis
1092 3433 1191 3498 radiis
1213 3439 1281 3497 tur·

179 3530 441 3628 bere‘ridentur3
465 3545 537 3611 vide
560 3545 758 3624 Creeohium,
783 3546 838 3628 qui
861 3545 903 3609 ad
925 3566 952 3607 v.
974 3548 1031 3609 125
1054 3544 1160 3609 locum
1182 3564 1200 3609 e
1222 3544 1281 3608 Te·

178 3660 276 3724 rentii
297 3659 489 3724 Phormione
511 3658 646 3741 petitum
663 3656 792 3721 attulit:
816 3657 893 3721 dum
908 3676 949 3721 ne
964 3656 1126 3738 reducam,
1148 3658 1280 3722 turbent

178 3788 276 3852 quam
298 3766 414 3846 velint,
450 3766 505 3831 ubi
527 3765 673 3831 Donatus
696 3766 844 3831 turbent:
876 3771 1000 3848 errent,
1030 3767 1277 3848 tumultuentur,

177 3880 420 3963 interpretetur.
465 3877 619 3944 Similiter
647 3878 789 3944 eiusdem
821 3879 896 3944 libri
919 3901 947 3945 v.
965 3884 1028 3945 438
1052 3886 1149 3964 etque
1171 3901 1211 3944 ex
1233 3881 1280 3946 of-

177 3989 271 4055 fensu
291 4010 391 4073 quum
414 3990 548 4055 turbant
569 4010 702 4074 corpore
724 3990 758 4055 in
779 3990 859 4074 ipsc.
905 3989 944 4056 ct.
967 3991 1042 4055 libri
1065 3992 1278 4071 111‚v.5oo:

177 4101 252 4166 inde
274 4101 414 4167 ubitam
437 4101 541 4167 morbi
563 4099 690 4166 reflexit
710 4121 823 4181 consen
846 4100 932 4184 quod
947 4106 1056 4166 tamen
1072 4101 1280 4185 aliquomodo

177 4219 357 4278 excusetur.
403 4214 467 4279 Cic.
491 4214 582 4279 Tusc.
607 4213 632 4292 Ι,
654 4218 705 4292 44,
733 4218 791 4279 107
822 4213 876 4277 ubi
906 4234 1017 4278 versus
1039 4213 1207 4278 Ennianus
1233 4217 1279 4281 sic

177 4326 312 4411 legitur:
