3117 5134
695 466 834 537 23,

165 672 298 736 scrupus
328 650 402 716 huic
430 650 499 716 loco
527 650 729 716 inferendum
753 669 831 714 esse.
877 650 1010 715 Brevior
1031 649 1191 734 scriptura
1213 651 1266 730 (li-

165 770 235 829 tera
257 784 272 828 s
294 763 428 846 omissa]
458 763 507 829 bis
537 768 666 828 tantum
688 769 722 829 et
744 763 873 848 quidem
897 784 970 827 cum
993 762 1071 827 vitio
1093 762 1265 827 coniuncta

164 875 198 940 in
219 873 361 939 Lucretii
384 874 546 939 codicibus
576 879 702 939 servata
731 879 798 954 est,
835 873 857 937 l.
881 874 919 954 V,
944 877 1003 937 625
1034 872 1265 958 posterioribus

164 986 246 1068 ignis
276 990 309 1049 et
335 985 397 1064 VI,
429 989 510 1049 1136
541 984 726 1049 morborum
756 987 789 1048 et
818 982 1011 1049 mortiferae.
1062 981 1192 1047 Lachm.
1223 980 1265 1045 ad

163 1097 289 1162 Lucret.
313 1118 343 1180 p.
366 1099 416 1160 29.
462 1095 599 1179 Reliqua
621 1096 730 1160 omnia
751 1094 909 1180 apocopes
932 1094 1079 1179 exempla
1101 1094 1142 1159 ab
1163 1093 1264 1159 edito·

163 1209 252 1276 ribus
273 1208 416 1274 Lucretii
439 1208 592 1272 vestituta
614 1211 698 1271 sunt.
745 1206 972 1290 Exemplorum
994 1205 1169 1270 maximam
1191 1224 1264 1289 par·

164 1321 293 1388 1111111
317 1321 465 1414 quintum
487 1319 607 1384 heroici
631 1339 739 1384 versus
761 1318 875 1403 pedem
898 1318 1060 1402 pertinere
1084 1317 1265 1383 observavit

162 1430 402 1498 Bouterwelrius
424 1431 552 1510 Quaest.
575 1429 701 1494 Luorct.
725 1451 755 1512 p.
775 1435 814 1494 18
837 1430 893 1513 qui
915 1430 958 1494 LI
980 1430 1022 1495 ad
1044 1431 1192 1514 quintum
1208 1450 1262 1514 pe·

16 1548 17 1553 ’
148 1542 236 1608 dem
257 1542 439 1609 revocanda
460 1564 528 1608 esse
550 1544 638 1622 dicit,
662 1563 760 1626 quum
784 1544 914 1608 omnino
937 1543 1058 1608 LXXII
1074 1542 1120 1608 ies
1135 1542 1195 1607 hoc
1210 1562 1263 1625 ge·

162 1675 238 1721 uere
260 1676 337 1720 usus
359 1656 401 1719 sit
422 1656 599 1721 Lucretius.

246 1769 417 1845 Praeterea
439 1769 623 1836 Lucretium
646 1790 809 1855 apocopen
832 1770 865 1833 in
888 1768 1028 1852 syllaba:
1064 1768 1119 1831 bus
1141 1768 1263 1853 praeci·

161 1901 223 1965 pue
253 1880 418 1946 admisisse
447 1902 486 1944 ex
516 1883 698 1947 recensione
727 1882 889 1959 locorum,
927 1879 982 1962 qui
1004 1880 1067 1944 huc
1089 1880 1262 1964 pertinent,

160 1993 254 2060 facile
275 1993 453 2079 apparebit.
497 1994 575 2058 Ibus
597 1996 698 2073 enim,
722 1994 749 2058 si
770 1992 929 2078 producta
951 1992 1076 2076 syllaba
1097 1991 1262 2075 praecedit

160 2110 193 2170 et
214 2126 276 2170 vox
297 2105 337 2169 ab
359 2104 455 2169 litera
477 2105 666 2170 consonanti
687 2103 844 2188 incipieus
866 2104 1026 2187 sequitur,
1055 2102 1145 2169 nullo
1166 2104 1261 2168 modo

159 2237 252 2281 versu
273 2214 395 2280 includi
414 2220 533 2299 polest.
579 2216 717 2295 Quintus
739 2219 848 2280 autem
863 2236 973 2280 versus
988 2215 1108 2280 heroici
1122 2235 1179 2299 pes
1194 2214 1261 2281 fere

160 2329 320 2411 integrum
351 2326 513 2410 dactylum
541 2325 711 2391 desiderat.
777 2326 827 2390 Ex
855 2327 971 2411 quibus
1001 2327 1106 2393 elucet
1134 2328 1261 2412 potissi·

159 2461 246 2506 mum
284 2441 379 2506 metri
415 2460 512 2505 causa
543 2440 730 2505 Lucretium
763 2462 928 2525 apocopen
961 2441 1022 2507 sibi
1056 2443 1259 2507 concessisse.

159 2554 237 2620 Loci
258 2552 373 2638 quibus
395 2551 562 2617 Lucretius
584 2558 762 2617 extremam
777 2551 935 2637 syllabae:
959 2554 1014 2618 bue
1028 2553 1156 2619 literam
1171 2560 1261 2621 truu·

160 2666 255 2745 cavit,
276 2664 310 2729 hi
332 2668 416 2729 sunt.

245 2778 270 2858 Ι,
297 2783 356 2843 158
379 2799 418 2843 ex
441 2777 580 2843 omuibu’
603 2777 712 2856 rebus,
738 2780 798 2842 186
821 2777 992 2843 1111111111
1014 2777 1135 2862 parvis,
1158 2781 1219 2842 412
1243 2798 1261 2842 e

158 2892 301 2958 fontibus
323 2892 464 2975 magnis,
495 2891 522 2956 si
545 2891 674 2974 quidem
695 2891 856 2976 scriptura
877 2896 963 2955 recte
987 2890 1156 2969 sehabet,
1184 2911 1260 2955 nam

159 3005 194 3069 in
217 3003 381 3082 Quadrato
403 3003 537 3086 legitur:
561 3023 681 3083 amnes,
705 3024 800 3087 quem
822 3007 950 3067 secutus
971 3002 1165 3085 Bemaysius
1186 3003 1262 3067 scri-

159 3115 240 3200 psit:
264 3114 439 3180 efontibus
454 3115 574 3193 amnis:
597 3137 625 3178 v.
643 3120 704 3180 517
727 3115 825 3180 11110
846 3115 880 3179 11
895 3114 983 3181 rebu'
1000 3121 1107 3199 queat.
1130 3115 1260 3180 Lachm.

160 3250 189 3292 v.
206 3233 267 3293 718
289 3228 323 3293 11
345 3227 432 3294 rebu’
456 3232 634 3306 necessest,
672 3228 763 3294 codd.
786 3230 820 3293 in
849 3228 945 3294 rebus
966 3233 1109 3313 oportet3
1146 3251 1174 3292 v.
1198 3232 1261 3294 838

158 3342 340 3410 coeuntibu'
362 3342 471 3426 guttis.

245 3457 364 3535 11,.175
381 3454 521 3522 omnibn’
537 3453 641 3535 rebus,
657 3458 720 3519 428
731 3454 946 3538 prestantibu'
958 3475 1111 3539 quaeque,
1129 3455 1260 3520 Lachm.

159 3567 377 3635 Prostantibu'
400 3567 528 3652 quique,
550 3566 717 3631 Muuroius
739 3565 970 3650 prestantibus
992 3565 1096 3631 uude:
1120 3566 1261 3650 Bemay-

159 3683 242 3763 sius3
271 3679 417 3746 clausula
438 3699 548 3744 versus
569 3676 659 3742 deest
680 3677 714 3741 in
736 3676 845 3757 codd:
878 3677 940 3757 ia,
964 3681 1001 3741 ut
1023 3677 1100 3762 quid
1122 3677 1262 3743 scriben-

159 3795 237 3861 dum
260 3794 387 3859 sitnon
410 3792 542 3876 liqueat.
589 3789 663 3855 itali
694 3790 842 3855 lacunam
872 3790 983 3855 addito
1008 3795 1061 3872 „et
1082 3793 1184 3874 quae“
1208 3811 1261 3854 ex-

158 3904 344 3990 pleverunt3
367 3925 396 3967 1.
413 3906 476 3968 458
499 3902 526 3966 si
548 3901 653 3966 minus
674 3900 815 3966 omnibu'
831 3904 916 3979 sunt,
938 3922 1013 3986 pro:
1037 3902 1154 3983 omnia,
1176 3901 1262 3985 quod

159 4014 261 4080 estin
285 4013 461 4093 codicibus,
485 4014 646 4094 Muretus;
686 4035 714 4078 v.
732 4017 794 4077 462
817 4015 1015 4081 Venenumst
1038 4013 1183 4079 Sensibu’
1205 4012 1261 4078 sed

158 4147 285 4208 rarum,
307 4126 438 4191 Lacbm.
461 4146 534 4211 pro:
558 4125 802 4210 quodcumque
824 4124 982 4205 videmus,
1004 4125 1149 4192 sensibus
1171 4124 1261 4190 seda-

158 4244 237 4320 tum,
260 4239 349 4305 locus
370 4239 562 4304 coniecturis
584 4239 631 4304 ita
653 4242 803 4319 vexatus,
825 4242 862 4301 ut
884 4237 962 4320 quid
984 4236 1187 4302 scribendum
1210 4238 1260 4318 sit,

158 4353 213 4418 vix
234 4353 372 4419 inveniri
394 4353 505 4438 possit.
551 4351 671 4418 Similis
694 4352 779 4417 ratio
801 4356 850 4417 est
872 4351 950 4433 loci,
987 4349 1043 4435 qui
1064 4350 1210 4434 sequitur
1230 4372 1259 4414 1.
