3117 5134
1619 410 1702 474 36

820 597 1028 679 Atque
1073 594 1272 659 animi
1317 595 1590 679 ingratis
1633 595 1829 659 vitam
1875 593 2091 660 vexari
2134 592 2414 678 alioquin

815 706 1126 770 Faustam
1171 710 1365 789 atque
1409 704 1662 770 infestis
1708 706 1845 788 cogi
1892 705 2134 769 saevire
2180 701 2501 787 querellis.

728 819 852 884 Sed
900 840 1097 902 quum
1154 817 1434 902 alioquin
1492 818 1577 882 sit
1621 816 2001 882 vocabulum
2042 837 2169 882 non
2215 816 2373 881 satis
2419 814 2758 899 antiquum

557 929 664 1008 (cf.
712 929 973 994 Lachm.
1021 929 1106 994 ad
1153 929 1408 994 Lucret.
1455 951 1516 1013 p.
1559 933 1679 995 168
1736 929 1845 1012 qui
1902 948 2157 992 versum
2199 927 2268 990 in
2314 947 2440 1010 quo
2485 925 2755 1009 legimus

554 1039 717 1106 illud
761 1039 1157 1119 vocabulum,
1203 1038 1320 1116 III,
1367 1042 1490 1103 415
1536 1035 1872 1103 incolumis
1904 1036 2195 1121 quamvis
2225 1036 2512 1119 alioquin
2550 1034 2756 1120 splen-

556 1149 743 1215 didus
787 1150 975 1231 orbis,
1024 1150 1206 1215 uncis
1249 1149 1548 1233 inclucit)
1592 1170 1729 1213 rem
1774 1147 1965 1213 aliter
2008 1146 2440 1211 instituimus:

815 1264 1026 1346 Atque
1069 1263 1271 1327 animi
1315 1262 1589 1345 ingratis
1633 1261 1831 1326 vitam
1877 1260 2097 1324 vexari
2142 1264 2470 1342 expertem

813 1375 1025 1440 Pausa
1069 1379 1263 1458 atque
1308 1373 1557 1438 infestis
1602 1374 1745 1457 cogi
1787 1373 2031 1439 saevire
2077 1372 2399 1456 querellis

727 1487 956 1571 Itaque
999 1509 1129 1553 uno
1174 1492 1431 1552 tantum
1476 1485 1784 1552 vocabulo
1840 1485 2209 1570 corruptela
2260 1484 2496 1568 insigni
2549 1489 2756 1549 muta·-

556 1605 653 1680 to,
702 1598 880 1664 locus
923 1605 1126 1680 recte,
1172 1605 1246 1665 ut
1289 1599 1518 1683 opinor
1561 1619 1630 1663 se
1675 1598 1887 1664 habet.
1978 1598 2226 1682 Expers
2270 1618 2414 1663 cum
2460 1596 2755 1664 Ablativo

554 1708 967 1775 coniunctum
1019 1709 1275 1792 saepius
1334 1709 1510 1792 apud
1554 1711 1950 1792 antiquiores
1993 1709 2372 1791 praesertim
2417 1709 2758 1792 scriptores

552 1820 930 1913 invenimus.
1021 1820 1100 1884 cf.
1147 1819 1198 1884 F
1202 1818 1486 1884 orcellini
1530 1841 1580 1884 s,
1612 1842 1670 1885 V.
1719 1839 1964 1903 experS,
2011 1819 2121 1902 qui
2163 1818 2486 1898 Plautum,
2534 1819 2754 1884 Catul-

553 1931 718 2010 lum,
787 1929 1163 1995 Sallustium
1222 1930 1464 1995 attulit.
1555 1930 1746 2014 Apud
1800 1930 2171 1996 Lucretium
2229 1929 2330 1995 his
2382 1929 2508 2014 legi
2567 1931 2752 1996 locis:

505 2106 509 2110 .
555 2042 638 2123 II,
689 2047 849 2108 1092
908 2049 1147 2107 natura
1203 2044 1355 2126 Ipsa
1413 2063 1531 2107 sua
1582 2063 1697 2127 per
1752 2063 1818 2108 se
1873 2048 2100 2127 sponte
2155 2042 2371 2108 omnia
2423 2042 2523 2106 dis
2566 2064 2756 2128 agere

553 2176 810 2238 exper⁸;
857 2156 963 2234 VI,
1001 2161 1161 2220 1179
1194 2155 1442 2220 lumina
1472 2161 1801 2220 versarent
1831 2154 2157 2221 oculorum
2187 2157 2481 2240 expertia
2510 2177 2751 2223 somno.

723 2265 951 2330 Restat
994 2272 1229 2343 tamen,
1272 2265 1502 2346 fateor,
1545 2264 1893 2330 'difficultas
1923 2266 2269 2349 quaedam3
2316 2288 2534 2333 versus
2564 2269 2753 2350 enim,

554 2378 664 2461 qui
710 2377 1080 2442 coniectura
1122 2383 1345 2442 nostra
1389 2377 1624 2457 evadit,
1670 2399 1749 2442 ex
1791 2378 2194 2443 Lachmanni
2239 2380 2561 2466 sententia
2602 2375 2757 2446 ferri

552 2510 683 2556 non
726 2494 965 2572 potest,
1014 2491 1122 2574 qui
1166 2512 1228 2574 p.
1269 2494 1390 2554 150
1434 2509 1688 2555 versum
1738 2493 1858 2554 198
1903 2489 2053 2556 libri
2096 2491 2196 2556 111
2238 2493 2578 2560 manifesto
2618 2516 2756 2559 cor-

550 2605 813 2685 ruptum
858 2601 1153 2667 mutavit.
1244 2602 1482 2668 Versus
1542 2601 1713 2665 enim
1765 2601 1831 2664 in
1890 2607 2022 2666 tres
2077 2603 2393 2686 spondeos
2451 2611 2757 2672 exeuntes

552 2712 812 2777 omnino
857 2733 986 2777 non
1031 2713 1335 2798 leguntur
1379 2712 1553 2797 apud
1599 2713 1972 2779 Lucretium
2000 2715 2094 2798 *):
2161 2737 2362 2800 quare
2415 2717 2471 2782 si
2514 2718 2757 2784 coniec-

551 2828 720 2904 tura,
767 2845 963 2908 quam
1007 2827 1312 2910 proposui
1357 2824 1743 2906 infirmatur,
1788 2828 2222 2912 corruptelam
2266 2829 2348 2894 ab
2391 2830 2754 2915 interpreti-

551 2933 669 3000 bus
711 2935 1004 3000 omnibus
1046 2935 1404 3019 neglectam
1450 2936 1765 3002 indicasse
1810 2937 1969 3002 satis
2011 2936 2236 3003 habeo.

723 3046 1023 3111 Fortasse
1066 3047 1242 3111 casui
1287 3047 1699 3113 tribuendum
1747 3054 1861 3125 est,
1911 3048 2083 3130 quod
2127 3049 2464 3114 Lucretius
2508 3048 2755 3115 Graeca

557 3159 745 3222 Ennii
800 3158 1158 3241 Luciliique
1211 3158 1472 3223 licentia
1531 3180 1724 3242 quam
1786 3166 2012 3243 postea
2070 3167 2136 3225 et
2181 3160 2474 3226 Catullus
2517 3165 2582 3226 et
2626 3162 2753 3227 Ho-

553 3274 758 3335 ratius
801 3268 1145 3335 artificiose
1187 3276 1606 3352 revocarunt,
1672 3271 2025 3354 abstinuit;
2100 3272 2265 3339 sicut
2318 3273 2523 3338 multa
2580 3273 2752 3360 apud

553 3383 920 3448 Lucretium
965 3381 1379 3446 inveniuntur
1424 3381 1799 3465 singularia,
1846 3383 2045 3449 veluti
2088 3385 2151 3450 in
2200 3384 2491 3450 omnibus
2522 3386 2752 3451 Lucre-

553 3498 625 3558 tii
669 3495 850 3561 libris
896 3516 1064 3560 unus
1104 3493 1338 3578 legitur
1381 3516 1602 3560 versus
1646 3495 2085 3579 hypermeter:

669 3606 740 3686 V,
787 3610 932 3670 846.
1022 3604 1230 3669 Multa
1275 3604 1563 3670 videmus
1608 3607 1776 3670 enim
1821 3608 2010 3672 rebus
2054 3629 2431 3675 concurrere
2477 3609 2706 3677 debere

1007 3716 1096 3782 Ut
1137 3717 1553 3800 propagando
1599 3723 1665 3782 et
1709 3740 1769 3802 q.
1820 3740 1867 3782 ε.

557 3830 770 3910 Neque
815 3827 1069 3892 silentio
1112 3827 1760 3912 praetermittendum
1805 3829 2088 3909 videtur,
2149 3830 2320 3914 quod
2364 3852 2571 3915 pauca
2614 3852 2751 3896 ver-

553 3962 657 4002 sus
717 3938 1043 4023 spondiaci
1099 3939 1395 4024 exempla
1448 3939 1767 4022 leguntur.
1863 3942 1936 4006 In
1992 3943 2199 4026 primo
2243 3943 2527 4008 Lucretii
2584 3943 2751 4010 libro

553 4054 617 4114 hi
661 4055 841 4116 sunt:
887 4072 947 4116 v.
972 4056 1074 4133 60,
1122 4057 1224 4132 64,
1271 4057 1414 4133 616,
1461 4057 1606 4134 991,
1664 4058 1858 4135 1077;
1903 4055 1986 4135 ΙΙ,
2035 4059 2177 4136 295,
2223 4059 2366 4135 302,
2414 4059 2557 4136 309,
2603 4059 2748 4136 397,

689 4286 737 4356 *)
808 4286 882 4342 cf.
914 4285 1111 4341 Philol.
1149 4289 1217 4341 23
1257 4303 1313 4356 p.
1339 4289 1461 4342 467.
