3117 5134
720 449 756 512 ll

191 629 316 715 ποιίαν,
341 634 456 719 quibus
469 628 649 701 -ἇλιδεύσια
669 656 728 701 sua
743 634 934 701 tinctoribus
948 639 983 700 et
995 634 1176 701 dehca'tnlis
1192 655 1290 718 quam

190 746 415 832 scriptoribus,
444 753 481 812 ut
502 747 570 832 ipse
592 747 686 826 dicit,
709 748 853 826 tritiora,
876 746 1060 832 explicaret.
1105 747 1169 812 Sed
1190 768 1289 831 quum

190 860 445 927 Lachmanniani
481 860 625 926 inventi:
670 860 850 942 alideusia,
888 881 929 925 ne
966 859 1124 926 Graecum
1161 859 1290 944 quidem

189 971 370 1055 exemplum
390 969 492 1036 ullum
513 971 711 1051 inveniatur,
738 971 841 1037 satius
863 970 965 1037 visum
986 974 1035 1036 est
1058 970 1233 1053 Bernuysio
1254 970 1289 1034 in

189 1079 328 1146 editione
351 1101 409 1146 sua
431 1081 576 1147 codicum
597 1081 808 1167 scripturam:
843 1080 1015 1163 ahdemia,
1043 1081 1194 1147 exhibere
1217 1081 1290 1147 obe·

188 1192 265 1258 lisco
287 1192 443 1277 apposito.
488 1191 665 1257 Lambinus
686 1190 837 1257 Guliehni
860 1191 1021 1257 Pelisserii
1042 1190 1183 1276 episcopi
1197 1189 1289 1256 Mon·

189 1303 386 1388 tepessulani
418 1303 635 1368 coniecturam
680 1307 808 1368 secutus
848 1302 990 1386 scripsit:
1028 1322 1067 1367 ac
1095 1301 1286 1368 Melitensis.

178 1415 252 1496 ¹Sed
275 1421 313 1481 ut
334 1415 533 1481 Lachmanni
557 1414 661 1481 verbis
682 1417 771 1492 utar,
802 1414 836 1479 in
858 1413 1007 1479 Lucretio
1029 1418 1156 1480 tantum
1179 1435 1200 1479 a
1219 1412 1291 1479 lite·

188 1547 298 1593 rarum
320 1526 469 1592 ductibus
490 1525 639 1592 recedere
662 1546 727 1592 non
749 1525 834 1591 licet.
879 1524 1061 1606 Munrcius,
1090 1526 1146 1610 qui
1167 1524 1289 1595 alideu·

189 1641 237 1705 sia
259 1641 293 1706 in
314 1645 449 1721 textum,
472 1661 568 1725 quem
589 1644 720 1718 vocant,
743 1640 878 1724 recepit,
901 1639 981 1705 haec
1003 1644 1132 1705 tantum
1154 1646 1290 1707 annota-

187 1753 249 1819 rit:
272 1753 300 1818 11
318 1752 534 1819 Lachmann’s
556 1750 713 1819 alideusia
735 1753 763 1817 is
785 1752 881 1836 right,
904 1751 959 1818 the
975 1752 1061 1819 word
1077 1753 1105 1819 is
1120 1759 1178 1818 not
1192 1752 1291 1819 found

188 1865 359 1933 elsewhere
381 1864 484 1931 either
505 1865 538 1929 in
561 1865 657 1929 Latin
680 1885 716 1930 or
738 1863 852 1928 Greek.

274 2005 363 2084 Quae
392 2026 491 2088 quum
520 2005 568 2069 ita
590 2005 656 2069 sint
676 2004 774 2069 aliam
797 2025 855 2070 nos
876 2004 1070 2071 emendandi
1090 2006 1176 2071 viam
1197 2028 1290 2092 prae·

188 2116 235 2182 ire
258 2136 421 2182 conamur.

273 2255 508 2324 Proficiscirnur
529 2255 604 2321 inde
627 2254 712 2339 quod
734 2255 859 2321 Plinius
873 2256 987 2322 Natur.
1005 2258 1087 2324 Hist.
1110 2258 1131 2323 l.
1157 2259 1244 2342 XIX,
1270 2265 1285 2325 1

187 2368 301 2434 habet:
332 2368 428 2446 Line,
458 2367 543 2451 quod
566 2367 693 2453 ignibus
715 2389 779 2433 non
802 2368 1007 2452 absumatur,
1035 2372 1234 2457 principatus
1256 2374 1288 2439 in

188 2487 257 2548 toto
280 2482 365 2548 orbe.
410 2481 578 2547 Proximus
601 2481 728 2566 byssino
750 2481 918 2548 mulinum
940 2485 1079 2550 maxime
1094 2485 1290 2551 (1111111111-

92 2680 96 2687 ,
188 2616 228 2661 ca
248 2595 335 2660 Elim
357 2595 392 2660 in
415 2593 537 2660 Achaia
553 2595 667 2678 genito
690 2597 857 2679 quaternis
886 2596 1027 2663 denariis
1056 2594 1198 2682 scripula‘.
1223 2601 1292 2666 eius

188 2712 374 2791 permutata
396 2705 558 2789 quondam
580 2714 615 2770 ut
636 2705 711 2771 auri
730 2707 866 2790 reperio.

275 2845 380 2911 Huius
407 2844 508 2910 Elidis
538 2843 642 2909 forma
664 2844 782 2911 Dorica
808 2851 858 2911 est
879 2848 969 2928 Alis,
1006 2871 1070 2934 qua
1092 2853 1290 2937 antiquiores

189 2958 408 3024 Romanorum
430 2955 600 3040 scriptores
621 2954 813 3022 utebantur:
836 2957 940 3024 Plaut.
965 2958 1091 3045 Captivi
1113 2964 1239 3050 Prolog.
1261 2988 1290 3032 v.

190 3070 266 3136 9in
287 3069 380 3134 Alide
403 3091 432 3133 v.
449 3073 490 3134 24
513 3089 585 3133 cum
602 3068 674 3134 Alio
696 3091 724 3132 v.
742 3073 782 3133 26
805 3069 839 3134 in
863 3070 965 3136 Alide.
1002 3073 1070 3138 Act.
1088 3079 1116 3155 2,
1140 3081 1168 3155 3,
1194 3081 1232 3141 19
1257 3078 1291 3142 in

189 3182 313 3249 Alidem
336 3185 406 3249 Act.
430 3187 459 3263 3,
482 3186 511 3261 2,
536 3186 576 3247 20
605 3204 645 3248 ex
668 3181 762 3246 Alide
785 3183 906 3266 passim
933 3185 967 3249 in
992 3185 1136 3271 Captivis
1157 3189 1197 3254 cf.
1218 3190 1292 3257 Aul.

190 3298 219 3373 2,
243 3298 272 3372 2,
295 3298 337 3360 20
358 3293 413 3359 ubi
435 3314 565 3359 manum
590 3294 682 3359 inicit
704 3293 842 3377 benigne
864 3294 909 3361 ibi
931 3303 1044 3363 onerat
1069 3299 1213 3385 aliquam
1240 3322 1292 3367 aa·

189 3406 287 3472 miam
311 3399 445 3492 (ζημία).
489 3407 615 3472 Lucret.
639 3408 694 3487 VI,
716 3429 746 3473 v.
767 3412 848 3474 1263
871 3409 991 3476 silanus
1013 3412 1055 3476 ad
1078 3433 1247 3496 aquarum.

274 3545 440 3611 Formam:
464 3545 638 3626 Alidensia,
661 3567 744 3630 quae
766 3547 801 3612 in
823 3544 934 3613 lexicis
956 3570 1021 3615 non
1044 3550 1191 3633 habetur,
1214 3553 1292 3637 legi·

189 3681 260 3726 mus
287 3658 374 3744 apud
402 3657 553 3723 Plautum
583 3657 675 3742 Capt.
700 3658 755 3739 IV,
779 3662 808 3740 2,
833 3663 894 3725 100
921 3662 1084 3746 captivum
1106 3663 1292 3735 Alidensem

189 3778 222 3839 et
243 3771 331 3857 apud
353 3770 511 3851 Gellium,
549 3770 605 3854 qui
626 3770 786 3836 scribendi
808 3792 907 3856 genus
930 3774 1075 3857 sequitur
1095 3777 1237 3860 priscum
1258 3783 1292 3843 et

189 3884 357 3968 antiquum
386 3882 406 3948 l.
431 3885 460 3962 2,
488 3886 525 3947 18
552 3882 622 3947 init.
653 3881 806 3949 Phaedon
834 3885 994 3950 Elidensis
1020 3907 1059 3952 ex
1082 3888 1212 3954 cohorte
1233 3890 1291 3955 illa

190 3998 353 4065 Socratica
374 3995 445 4061 fuit.
489 3995 634 4076 Formae,
658 4014 738 4081 quas
760 3995 838 4078 dixi,
860 3997 1005 4080 Doricae,
1027 4000 1214 4067 Italicorum
1227 4001 1292 4068 Do-

189 4110 287 4175 rismo
309 4110 378 4176 iure
401 4109 618 4190 ascribuntur,
649 4130 729 4193 quas
750 4109 888 4176 Romani
911 4117 1005 4177 etex
1025 4112 1132 4179 mimis
1155 4112 1291 4200 Campa·

187 4222 260 4287 niae
284 4227 316 4288 et
338 4244 378 4289 ex
399 4221 689 4309 Hilarctragoediis
712 4221 898 4289 Tarentinis
927 4224 977 4290 vel
1008 4246 1080 4290 cum
1108 4226 1186 4311 ipsis
1208 4249 1290 4293 mer-

190 4331 281 4399 cibus
303 4331 433 4398 Graecis
453 4333 488 4398 in
511 4333 656 4417 linguam
679 4353 770 4400 suam
793 4339 992 4418 receperunt.
1036 4334 1077 4401 cf.
1099 4335 1291 4424 Bernhardy
