3117 5134
817 443 836 504 6

274 635 440 707 ntrerum
462 634 612 695 naturam
632 627 877 713 diligentissime
899 627 1116 694 observavisse
1138 627 1300 709 videatur,
1323 649 1375 694 ve·

274 741 323 808 lut
344 743 421 809 solis
445 743 579 808 orientis
602 740 773 824 descriptio
796 740 839 820 Il,
865 737 1113 804 1410130211.

361 854 449 932 Quae
472 874 547 919 vero
570 852 610 918 de
631 856 745 937 poetae
768 851 896 935 ingenio
918 851 1049 935 vitaque
1070 851 1193 916 tradita
1211 850 1375 935 habemus,

274 970 341 1030 tam
363 966 488 1031 incerta
509 970 542 1030 et
565 964 692 1030 fabellis
712 964 832 1029 similia
854 967 944 1042 sunt,
972 968 1009 1027 ut
1030 964 1110 1029 certi
1131 963 1212 1029 nihil
1234 965 1309 1030 inde
1331 966 1376 1031 ef·

274 1077 327 1143 fici
348 1098 440 1163 posse
462 1078 626 1158 videatur,
654 1077 715 1157 ita,
745 1081 783 1141 ut
803 1076 846 1141 ad
867 1074 1008 1142 indolem
1029 1075 1098 1143 eius
1119 1076 1376 1162 perspiciendam

274 1189 317 1254 ad
339 1189 438 1255 libros
460 1193 574 1275 poetae
600 1189 687 1274 ipsos
709 1185 957 1271 confugiendum
978 1188 1071 1255 nobis
1092 1188 1143 1253 sit.
1189 1189 1266 1267 Quis
1289 1189 1375 1254 enim

273 1301 307 1365 in
336 1300 478 1366 Lucretii
506 1301 647 1366 carmine
681 1298 818 1383 legendo
847 1299 1050 1364 mediocriter
1072 1298 1202 1383 quidem
1231 1303 1376 1364 versatus

274 1432 339 1477 non
361 1410 547 1490 mirabitur,
578 1409 664 1494 quod
688 1408 902 1492 Hieronymus
922 1408 1095 1474 memoriae
1117 1408 1268 1489 tradidit,
1307 1410 1377 1475 eius

275 1528 421 1588 autorem
443 1542 541 1587 sanae
561 1521 679 1586 mentis
699 1539 763 1584 non
787 1519 906 1600 fuisse,
937 1541 1036 1604 quum
1063 1525 1168 1587 totum
1191 1522 1291 1605 spiret
1311 1523 1376 1607 pri·

274 1653 361 1698 scam
390 1633 481 1698 illam
509 1633 727 1698 Romanorum
756 1633 969 1716 gravitatem,
1006 1652 1109 1716 neque
1142 1631 1210 1697 ulla
1239 1631 1376 1698 inveniri

274 1746 398 1830 possint
423 1745 577 1830 vestigia,
614 1765 697 1828 quae
727 1746 873 1811 carmina
903 1764 980 1828 ,per
1010 1742 1183 1809 intervalla
1209 1744 1374 1811 insaniae“

274 1856 395 1940 scripta
416 1876 485 1922 esse
508 1856 737 1922 demonstrent.
785 1855 954 1921 Munroius
980 1854 1111 1939 quidem
1133 1856 1167 1920 in
1190 1862 1373 1924 commeutt.

274 1969 316 2034 ad
337 1968 465 2034 Lucret.
489 1991 520 2053 p.
547 1973 605 2033 131
638 1988 694 2042 ea,
733 1988 816 2052 quae
846 1968 886 2033 de
914 1970 1012 2052 polita
1038 1969 1211 2034 memoriae
1233 1969 1377 2055 prodidit

274 2079 505 2164 Hieronymus,
535 2080 741 2168 aliquomodo
762 2080 945 2146 confirmari
966 2086 1077 2166 putat,
1100 2082 1186 2166 quod
1207 2082 1377 2150 Lucretius

274 2196 342 2256 tam
365 2211 459 2276 saepe
482 2196 604 2257 ettam
626 2192 768 2276 graviter
790 2192 933 2276 disputet
954 2192 994 2257 de
1016 2192 1134 2273 rebus,
1171 2214 1255 2277 quae
1283 2195 1376 2262 nobis

275 2327 386 2372 somno
408 2305 543 2390 sepultis
565 2309 688 2370 mentes
710 2303 896 2386 terrificant,
919 2305 944 2385 I,
970 2308 1047 2370 132:

405 2418 542 2485 Cernere
564 2419 613 2483 uti
635 2418 802 2484 videamur
823 2438 877 2483 eos
899 2417 1075 2504 audireque
1096 2440 1204 2487 coram

402 2530 506 2597 Morte
530 2530 619 2597 obita
639 2551 776 2614 quorum
797 2529 892 2595 tellus
914 2529 1119 2615 amplectitur
1141 2551 1225 2614 ossa,

276 2647 309 2707 a
330 2641 385 2722 lv,
409 2646 469 2707 aa:

403 2751 594 2819 Terrificant
615 2751 819 2835 (simulacra)
842 2752 876 2816 in
898 2753 1017 2820 somnis
1031 2774 1104 2819 cum
1119 2774 1215 2839 saepe
1236 2753 1356 2839 figuras

404 2863 595 2930 contuimur
617 2864 716 2929 miras
738 2863 973 2947 simulacraque
995 2862 1066 2930 luce
1088 2862 1269 2947 carentum3

274 2974 313 3054 V,
337 2976 392 3039 62:

404 3086 467 3152 Sed
489 3082 662 3152 simulacra
684 3086 786 3151 solere
808 3086 842 3150 in
865 3087 984 3152 somnis
1004 3085 1119 3152 fallere
1140 3093 1280 3154 mentem

333 3202 336 3209 ’
406 3197 544 3263 Cernere
567 3218 666 3281 quum
689 3197 854 3262 videamur
876 3218 958 3277 eum,
981 3218 1075 3281 quem
1098 3199 1165 3264 vita
1185 3200 1332 3285 reliquit,

275 3311 315 3376 cf.
339 3311 395 3391 IV,
417 3315 488 3376 131.

361 3421 425 3487 Sed
447 3443 486 3487 ex
507 3421 558 3488 his
580 3421 661 3486 nihil
683 3419 762 3486 effici
785 3426 900 3506 potest,
923 3421 1009 3506 quod
1024 3423 1210 3489 Lucretium
1230 3425 1377 3493 insaniae

276 3534 449 3601 obnoxium
471 3532 568 3598 fuisse
590 3532 720 3599 indicet.
766 3534 872 3612 Quum
891 3533 977 3598 enim
993 3534 1224 3619 Epicureorum
1245 3540 1315 3601 tota
1337 3536 1378 3602 de

276 3647 414 3733 physicis
444 3646 590 3711 doctriua
618 3645 653 3710 id
688 3647 792 3713 solum
817 3647 1027 3731 spectaverit,
1064 3654 1102 3713 ut
1127 3670 1237 3715 rerum
1258 3656 1378 3718 natura

276 3760 406 3846 cognita
427 3758 571 3825 homines
594 3753 751 3826 a'timore
775 3760 1008 3843 liberarentur,
1046 3763 1172 3829 somnia
1199 3768 1308 3830 autem
1329 3766 1378 3830 in·

269 3875 388 3968 primis
410 3878 525 3953 essent,
549 3894 631 3957 quae
654 3873 820 3941 hominum
842 3874 967 3939 animos
990 3879 1148 3942 terrerent
1165 3897 1310 3961 vanaque
1325 3899 1378 3944 su·

276 3986 465 4073 perstitione
486 3986 668 4072 implerent,
690 3988 723 4052 id
746 3986 807 4053 sibi
829 3986 998 4054 Lucretius
1020 3989 1180 4073 agendum
1200 3986 1377 4074 proposuit,

276 4102 314 4162 ut
334 4096 465 4162 illorum
486 4097 662 4161 vanitatem
684 4096 881 4181 explanaret.

364 4207 453 4286 Quae
482 4229 581 4292 quum
608 4208 656 4272 110
686 4207 765 4288 sint,
799 4206 954 4273 Sellarius
981 4209 1060 4290 (The
1082 4208 1208 4274 Roman
1229 4208 1324 4276 Poets
1346 4211 1383 4278 cf

277 4317 332 4384 the
354 4316 510 4402 Republic
524 4316 713 4402 Edinburgh
732 4319 830 4405 1863)
852 4339 899 4402 ea,
922 4340 1005 4404 quas
1028 4319 1067 4386 de
1089 4318 1231 4386 Lucretii
1252 4320 1379 4386 insania
