3117 5134
841 427 879 487 18

309 614 363 696 qui
386 613 493 679 evadit
516 613 700 679 coniectura
721 617 842 691 nostra,
865 630 963 695 quam
978 610 1116 675 maxime
1132 608 1345 675 Lucretianus
1359 613 1412 674 est

308 732 440 811 propter
462 727 598 793 eundem
620 726 654 790 in
675 725 817 791 caesuris
839 745 970 805 sonum,
992 723 1032 789 el.
1055 724 1115 805 ΙΙΙ,
1140 728 1211 789 371.

392 837 568 903 Democriti
589 836 674 921 quod
696 842 809 902 sancta
831 835 894 901 viri
915 836 1075 900 sententia
1095 835 1203 919 ponit3
1226 838 1259 899 et
1274 834 1408 899 Bouter-

307 950 462 1030 waliam,
500 951 556 1033 qui
584 950 687 1014 multa
715 948 812 1013 huius
840 968 917 1013 usus
944 946 1091 1034 exempla
1113 968 1153 1012 ex
1175 946 1236 1012 hoc
1257 950 1354 1030 poeta
1375 949 1409 1010 et

308 1062 412 1126 Ennio
434 1060 537 1145 petita
560 1060 686 1125 attulit:
721 1058 931 1138 Quaestiones
952 1058 1079 1123 Lucret.
1102 1081 1133 1142 p.
1151 1062 1208 1139 42,
1245 1057 1300 1123 ubi
1320 1063 1407 1124 recte

307 1176 402 1240 dicit:
441 1194 544 1256 neque
568 1173 635 1237 sine
657 1172 791 1237 consilio
813 1193 833 1236 a
853 1177 950 1256 poeta
971 1172 1156 1238 institutum
1178 1192 1246 1237 esse
1268 1172 1406 1255 videtur,

307 1291 344 1351 ut
369 1286 404 1349 in
434 1278 655 1371 ἓφθημιμερεῖ
688 1305 760 1349 cnm
794 1306 928 1350 caesura
956 1284 1089 1349 alterius
1116 1284 1206 1368 pedis
1236 1285 1408 1351 coniuncta

306 1404 444 1481 utraque
466 1398 547 1462 arsis
568 1398 603 1461 in
626 1396 770 1463 cadendo
793 1397 930 1462 eundem
951 1396 1071 1461 referat
1095 1418 1216 1462 sonum.

390 1510 446 1574 Eis
476 1529 559 1594 quae
589 1509 700 1574 attulit
730 1506 970 1574 Bouterwelrins
992 1507 1145 1591 exemplis
1168 1506 1253 1573 addo
1276 1508 1302 1588 Ι,
1329 1512 1406 1590 111;

306 1621 361 1702 IV,
384 1626 461 1703 973;
485 1623 539 1701 VI,
564 1627 634 1702 378,
660 1625 751 1686 1170.
797 1620 917 1685 Similis
939 1626 1153 1685 extremorum
1174 1619 1342 1686 verborum
1359 1641 1407 1686 so-

305 1733 405 1812 nitus,
436 1754 531 1816 quem
556 1733 673 1827 rimum
695 1731 822 1810 dicunt,
851 1731 978 1814 saepius
998 1731 1161 1796 invenitur
1182 1731 1267 1816 apud
1290 1732 1408 1798 Lucre·

306 1845 389 1909 tium
418 1845 452 1909 in
481 1865 615 1910 caesura
641 1843 733 1928 pedis
762 1843 851 1908 tertii
881 1864 954 1908 cum
975 1843 1121 1908 clausula
1142 1864 1251 1908 versus
1272 1864 1404 1927 congru-

306 1962 381 2022 ente
403 1955 507 2020 velnt:
538 1956 576 2036 V,
599 1959 639 2020 33
662 1975 756 2038 asper
779 1953 897 2019 acerba
919 1958 1010 2018 tuens
1032 1955 1164 2019 immani
1187 1975 1318 2040 corpore
1340 1974 1405 2020 ser·

305 2088 382 2151 pens
410 2071 442 2130 et
472 2066 514 2146 11,
537 2069 599 2129 274
621 2086 697 2129 nam
720 2070 790 2129 tum
812 2065 977 2130 materiem
999 2065 1098 2129 totius
1120 2066 1262 2148 corporis
1283 2085 1405 2130 ornnem
1533 2048 1534 2107 ss

305 2184 365 2242 etc.
410 2177 556 2260 Namque
578 2179 707 2243 omnino
729 2179 839 2262 negari
855 2200 919 2243 non
936 2183 1051 2262 potest,
1074 2179 1222 2261 antiquos
1244 2177 1406 2262 cognitum

306 2290 470 2370 habuisse,
494 2311 590 2373 quam
613 2291 676 2354 vim
699 2290 926 2356 vocabulorum
949 2295 983 2354 et
1004 2310 1152 2355 versuum
1175 2276 1338 2353 clausulae
1358 2287 1406 2351 in·

305 2408 355 2467 ter
377 2423 410 2467 se
432 2407 645 2467 consonantes
667 2402 838 2485 haberent,
867 2404 952 2487 quod
974 2403 1133 2487 imprimis
1155 2402 1218 2466 dici
1240 2406 1346 2486 potest
1367 2399 1406 2465 de

303 2514 462 2603 Lucretio,
485 2513 573 2597 apud
595 2535 689 2599 quem
712 2514 840 2598 saepius
859 2514 1010 2597 leguntur
1033 2533 1142 2577 versus
1164 2511 1289 2576 duabus
1311 2510 1405 2595 sylla·

304 2624 516 2690 bisinterea
544 2633 770 2709 congruentes,
806 2624 895 2689 velut
922 2625 947 2704 1,
971 2629 1042 2688 318.
1086 2624 1188 2708 Saepe
1210 2622 1404 2687 salutantum

304 2740 393 2799 tactu
421 2739 612 2820 praeterque
641 2743 815 2801 meantum.
869 2735 908 2800 cf.
932 2735 982 2800 W.
1005 2735 1128 2800 Grimm
1157 2756 1215 2799 zur
1242 2735 1349 2818 gesch.
1373 2733 1403 2798 d.
1455 2758 1457 2761 ’

304 2850 400 2915 reims
425 2853 503 2913 1851
529 2872 560 2934 p.
579 2854 638 2914 627
656 2848 689 2913 ff.

335 3049 339 3057 ¹
432 2962 592 3043 111‚529:
632 2962 796 3027 Scinditur
823 2963 1326 3048 atqueauimohaeoquoniam
1347 2948 1434 3027 na?
1533 2950 1534 2991 Τ

631 3079 706 3139 tura
727 3095 786 3139 neo
808 3095 881 3140 uno.

388 3186 615 3253 Lachmannus
637 3210 667 3272 p.
689 3192 748 3252 173
772 3187 901 3252 omnino
924 3191 1041 3270 negat,
1079 3192 1116 3250 ut
1145 3184 1276 3268 quidem
1303 3181 1403 3248 videri

302 3307 417 3386 potest,
439 3302 542 3386 poetis
564 3301 691 3366 licuisse
713 3301 984 3365 coniunctionem:
1009 3305 1106 3382 atque
1129 3299 1287 3363 traiicere.
1317 3295 1404 3360 Rud-

302 3413 474 3478 dimannus
503 3412 535 3492 Ι,
564 3435 595 3496 p.
620 3415 681 3476 324
712 3410 825 3476 attulit
853 3411 1034 3496 exemplum
1064 3410 1263 3475 traiectionis
1290 3409 1402 3474 Horat.

301 3525 373 3590 Lat.
400 3530 426 3606 1,
449 3530 479 3604 4,
504 3529 579 3603 107,
610 3524 662 3589 cui
684 3522 768 3589 addo
791 3523 893 3608 Epod.
917 3527 946 3603 8,
970 3527 1019 3587 11.
1064 3524 1143 3588 Esto
1166 3523 1279 3604 beata,
1308 3522 1404 3586 funus

302 3640 399 3718 atque
435 3635 590 3718 imagines
625 3634 754 3700 Ducant
787 3634 998 3720 triumphales
1032 3640 1124 3700 tuum
1161 3635 1228 3699 Sat.
1261 3639 1288 3715 1,
1317 3639 1345 3714 5,
1373 3638 1403 3698 4.

301 3743 474 3810 Differtnm
496 3745 604 3811 nautis
626 3747 824 3831 cauponibus
847 3750 944 3831 atque
965 3747 1123 3832 malignis.
1280 3723 1285 3734 ἱ

389 3858 453 3925 Sed
475 3862 549 3923 utut
570 3879 621 3924 res
643 3880 676 3925 se
698 3860 812 3943 habet3
843 3866 958 3944 atque,
985 3861 1156 3926 traiectum
1179 3861 1265 3944 apud
1287 3859 1404 3925 Luere-

301 3974 382 4039 tium
406 3972 484 4039 ferri
506 3994 570 4038 non
592 3979 713 4057 potest:
738 3974 866 4058 scripsit
888 3974 988 4057 igitur
1009 3973 1251 4038 Lachmannus:
1282 3972 1404 4038 Scindi-

302 4093 356 4151 tur
377 4110 473 4172 arqae
495 4088 572 4171 adeo
596 4093 656 4153 etc.
679 4109 763 4174 quae
786 4087 924 4151 mutatio
953 4086 1031 4151 satis
1058 4084 1196 4150 difficilis
1225 4092 1290 4166 est3
1327 4085 1403 4151 Ber-

303 4199 434 4281 naysius
456 4198 518 4281 legi
540 4198 623 4264 vult:

432 4308 596 4375 Scinditur
618 4331 719 4394 aeque
742 4311 871 4376 animae
895 4309 974 4373 haec
996 4308 1150 4392 quoniam
1173 4314 1291 4375 natura
1313 4313 1372 4371 etc.

1531 4495 1535 4505 r
