<?xml version="1.0" encoding="UTF-8"?>
<!DOCTYPE html PUBLIC "-//W3C//DTD XHTML 1.0 Transitional//EN"
    "http://www.w3.org/TR/xhtml1/DTD/xhtml1-transitional.dtd">
<html xmlns="http://www.w3.org/1999/xhtml" xml:lang="en" lang="en">
 <head>
  <title>
</title>
<meta http-equiv="Content-Type" content="text/html;charset=utf-8" />
  <meta name='ocr-system' content='tesseract 3.04.00' />
  <meta name='ocr-capabilities' content='ocr_page ocr_carea ocr_par ocr_line ocrx_word'/>
</head>
<body>
  <div class='ocr_page' id='page_1' title='image "./quaestioneslucr00jessgoog_0031.png"; bbox 0 0 3117 5134; ppageno 0'>
   <div class='ocr_carea' id='block_1_1' title="bbox 713 427 754 490">
    <p class='ocr_par' dir='ltr' id='par_1_1' title="bbox 713 427 754 490">
     <span class='ocr_line' id='line_1_1' title="bbox 713 427 754 490; baseline 0.073 -3"><span class='ocrx_word' id='word_1_1' title='bbox 713 427 754 490; x_wconf 82' lang='lat'>27</span> 
     </span>
    </p>
   </div>
   <div class='ocr_carea' id='block_1_2' title="bbox 186 609 1299 4387">
    <p class='ocr_par' dir='ltr' id='par_1_2' title="bbox 186 609 1287 1480">
     <span class='ocr_line' id='line_1_2' title="bbox 273 609 1285 698; baseline -0.005 -20"><span class='ocrx_word' id='word_1_2' title='bbox 273 612 477 698; x_wconf 76' lang='lat' dir='ltr'>deprimam</span> <span class='ocrx_word' id='word_1_3' title='bbox 499 612 596 678; x_wconf 88' lang='lat' dir='ltr'>illud:</span> <span class='ocrx_word' id='word_1_4' title='bbox 627 613 736 697; x_wconf 88' lang='lat' dir='ltr'>itaque</span> <span class='ocrx_word' id='word_1_5' title='bbox 759 636 787 677; x_wconf 92' lang='lat' dir='ltr'>v.</span> <span class='ocrx_word' id='word_1_6' title='bbox 808 617 866 677; x_wconf 89' lang='grc'>106</span> <span class='ocrx_word' id='word_1_7' title='bbox 889 635 954 678; x_wconf 92' lang='lat' dir='ltr'>non</span> <span class='ocrx_word' id='word_1_8' title='bbox 977 611 1089 691; x_wconf 89' lang='lat' dir='ltr'>habet,</span> <span class='ocrx_word' id='word_1_9' title='bbox 1120 632 1183 693; x_wconf 92' lang='lat' dir='ltr'>quo</span> <span class='ocrx_word' id='word_1_10' title='bbox 1204 609 1285 675; x_wconf 85' lang='lat' dir='ltr'>ref-</span> 
     </span>
     <span class='ocr_line' id='line_1_3' title="bbox 186 721 1287 808; baseline -0.002 -21"><span class='ocrx_word' id='word_1_11' title='bbox 186 728 287 787; x_wconf 88' lang='lat' dir='ltr'>ratur.</span> <span class='ocrx_word' id='word_1_12' title='bbox 333 723 468 808; x_wconf 84' lang='lat' dir='ltr'>Saepius</span> <span class='ocrx_word' id='word_1_13' title='bbox 489 724 618 808; x_wconf 92' lang='lat' dir='ltr'>quidem</span> <span class='ocrx_word' id='word_1_14' title='bbox 641 724 728 808; x_wconf 91' lang='lat' dir='ltr'>apud</span> <span class='ocrx_word' id='word_1_15' title='bbox 743 724 877 789; x_wconf 85' lang='lat' dir='ltr'>Latinos</span> <span class='ocrx_word' id='word_1_16' title='bbox 899 730 933 790; x_wconf 91' lang='lat' dir='ltr'>et</span> <span class='ocrx_word' id='word_1_17' title='bbox 954 723 1093 788; x_wconf 82' lang='lat' dir='ltr'>maxime</span> <span class='ocrx_word' id='word_1_18' title='bbox 1115 721 1201 806; x_wconf 88' lang='lat' dir='ltr'>apud</span> <span class='ocrx_word' id='word_1_19' title='bbox 1223 722 1287 786; x_wconf 91' lang='lat' dir='ltr'>Lu·</span> 
     </span>
     <span class='ocr_line' id='line_1_4' title="bbox 188 831 1287 918; baseline -0.004 -20"><span class='ocrx_word' id='word_1_20' title='bbox 188 834 322 898; x_wconf 90' lang='lat' dir='ltr'>oretium</span> <span class='ocrx_word' id='word_1_21' title='bbox 343 834 483 918; x_wconf 88' lang='lat' dir='ltr'>protasis</span> <span class='ocrx_word' id='word_1_22' title='bbox 505 833 662 917; x_wconf 82' lang='lat' dir='ltr'>quaedam</span> <span class='ocrx_word' id='word_1_23' title='bbox 686 833 908 899; x_wconf 88' lang='lat' dir='ltr'>subaudienda</span> <span class='ocrx_word' id='word_1_24' title='bbox 929 838 999 912; x_wconf 86' lang='lat' dir='ltr'>est,</span> <span class='ocrx_word' id='word_1_25' title='bbox 1028 831 1071 896; x_wconf 89' lang='lat' dir='ltr'>ad</span> <span class='ocrx_word' id='word_1_26' title='bbox 1093 851 1190 915; x_wconf 88' lang='lat' dir='ltr'>quam</span> <span class='ocrx_word' id='word_1_27' title='bbox 1212 851 1287 895; x_wconf 90' lang='lat' dir='ltr'>eon-</span> 
     </span>
     <span class='ocr_line' id='line_1_5' title="bbox 187 945 1286 1030; baseline -0.003 -19"><span class='ocrx_word' id='word_1_28' title='bbox 187 947 308 1012; x_wconf 89' lang='lat' dir='ltr'>iunotio</span> <span class='ocrx_word' id='word_1_29' title='bbox 329 945 506 1026; x_wconf 82' lang='lat' dir='ltr'>referatur3</span> <span class='ocrx_word' id='word_1_30' title='bbox 529 946 581 1011; x_wconf 91' lang='lat' dir='ltr'>hio</span> <span class='ocrx_word' id='word_1_31' title='bbox 604 951 711 1011; x_wconf 89' lang='lat' dir='ltr'>autem</span> <span class='ocrx_word' id='word_1_32' title='bbox 733 945 816 1011; x_wconf 87' lang='lat' dir='ltr'>illud</span> <span class='ocrx_word' id='word_1_33' title='bbox 830 945 936 1030; x_wconf 79' lang='lat' dir='ltr'>itaque</span> <span class='ocrx_word' id='word_1_34' title='bbox 951 945 1079 1011; x_wconf 92' lang='lat' dir='ltr'>omnino</span> <span class='ocrx_word' id='word_1_35' title='bbox 1094 949 1206 1029; x_wconf 86' lang='lat' dir='ltr'>aptum</span> <span class='ocrx_word' id='word_1_36' title='bbox 1221 965 1286 1008; x_wconf 92' lang='lat' dir='ltr'>non</span> 
     </span>
     <span class='ocr_line' id='line_1_6' title="bbox 188 1057 1287 1145; baseline -0.004 -19"><span class='ocrx_word' id='word_1_37' title='bbox 188 1065 245 1140; x_wconf 91' lang='lat' dir='ltr'>est,</span> <span class='ocrx_word' id='word_1_38' title='bbox 268 1080 371 1145; x_wconf 91' lang='lat' dir='ltr'>neque</span> <span class='ocrx_word' id='word_1_39' title='bbox 394 1061 421 1125; x_wconf 90' lang='lat' dir='ltr'>si</span> <span class='ocrx_word' id='word_1_40' title='bbox 442 1081 513 1125; x_wconf 85' lang='lat' dir='ltr'>oum</span> <span class='ocrx_word' id='word_1_41' title='bbox 537 1059 702 1128; x_wconf 90' lang='lat' dir='ltr'>Muuroio:</span> <span class='ocrx_word' id='word_1_42' title='bbox 725 1064 759 1124; x_wconf 90' lang='lat' dir='ltr'>to</span> <span class='ocrx_word' id='word_1_43' title='bbox 780 1080 878 1143; x_wconf 87' lang='lat' dir='ltr'>prove</span> <span class='ocrx_word' id='word_1_44' title='bbox 900 1058 987 1123; x_wconf 85' lang='lat' dir='ltr'>what</span> <span class='ocrx_word' id='word_1_45' title='bbox 1008 1059 1024 1123; x_wconf 97' lang='grc' dir='ltr'>Ι</span> <span class='ocrx_word' id='word_1_46' title='bbox 1046 1079 1113 1141; x_wconf 88' lang='lat' dir='ltr'>say,</span> <span class='ocrx_word' id='word_1_47' title='bbox 1135 1057 1287 1122; x_wconf 91' lang='lat' dir='ltr'>subaudi-</span> 
     </span>
     <span class='ocr_line' id='line_1_7' title="bbox 188 1170 1287 1255; baseline -0.002 -19"><span class='ocrx_word' id='word_1_48' title='bbox 188 1171 322 1250; x_wconf 90' lang='lat' dir='ltr'>erimus,</span> <span class='ocrx_word' id='word_1_49' title='bbox 359 1171 534 1255; x_wconf 83' lang='lat' dir='ltr'><strong>quidquam</strong></span> <span class='ocrx_word' id='word_1_50' title='bbox 560 1170 770 1255; x_wconf 83' lang='lat' dir='ltr'>proficiemus.</span> <span class='ocrx_word' id='word_1_51' title='bbox 816 1171 1031 1255; x_wconf 81' lang='lat' dir='ltr'>Expectamus</span> <span class='ocrx_word' id='word_1_52' title='bbox 1054 1171 1139 1235; x_wconf 89' lang='lat' dir='ltr'>enim</span> <span class='ocrx_word' id='word_1_53' title='bbox 1161 1174 1287 1235; x_wconf 88' lang='lat' dir='ltr'>senten-</span> 
     </span>
     <span class='ocr_line' id='line_1_8' title="bbox 188 1281 1287 1367; baseline 0.003 -22"><span class='ocrx_word' id='word_1_54' title='bbox 188 1282 307 1346; x_wconf 87' lang='lat' dir='ltr'>tiarum</span> <span class='ocrx_word' id='word_1_55' title='bbox 329 1302 447 1346; x_wconf 87' lang='lat' dir='ltr'>nexum</span> <span class='ocrx_word' id='word_1_56' title='bbox 469 1281 536 1347; x_wconf 86' lang='lat' dir='ltr'>fere</span> <span class='ocrx_word' id='word_1_57' title='bbox 558 1281 644 1347; x_wconf 90' lang='lat' dir='ltr'>huno</span> <span class='ocrx_word' id='word_1_58' title='bbox 666 1302 751 1348; x_wconf 88' lang='lat' dir='ltr'>esse:</span> <span class='ocrx_word' id='word_1_59' title='bbox 774 1303 883 1348; x_wconf 90' lang='lat' dir='ltr'>errare</span> <span class='ocrx_word' id='word_1_60' title='bbox 906 1283 984 1348; x_wconf 90' lang='lat' dir='ltr'>mihi</span> <span class='ocrx_word' id='word_1_61' title='bbox 1006 1282 1171 1362; x_wconf 88' lang='lat' dir='ltr'>videntur,</span> <span class='ocrx_word' id='word_1_62' title='bbox 1192 1303 1287 1367; x_wconf 90' lang='lat' dir='ltr'>saepe</span> 
     </span>
     <span class='ocr_line' id='line_1_9' title="bbox 188 1394 1243 1480; baseline 0.001 -21"><span class='ocrx_word' id='word_1_63' title='bbox 188 1395 274 1460; x_wconf 90' lang='lat' dir='ltr'>enim</span> <span class='ocrx_word' id='word_1_64' title='bbox 295 1394 341 1475; x_wconf 87' lang='lat' dir='ltr'>fit,</span> <span class='ocrx_word' id='word_1_65' title='bbox 363 1399 400 1460; x_wconf 88' lang='lat' dir='ltr'>ut</span> <span class='ocrx_word' id='word_1_66' title='bbox 422 1416 537 1479; x_wconf 88' lang='lat' dir='ltr'>eorpus</span> <span class='ocrx_word' id='word_1_67' title='bbox 559 1400 728 1470; x_wconf 83' lang='lat' dir='ltr'>externum</span> <span class='ocrx_word' id='word_1_68' title='bbox 750 1400 909 1480; x_wconf 78' lang='lat' dir='ltr'>aegrotet,</span> <span class='ocrx_word' id='word_1_69' title='bbox 931 1417 1029 1480; x_wconf 89' lang='lat' dir='ltr'>quum</span> <span class='ocrx_word' id='word_1_70' title='bbox 1052 1401 1160 1461; x_wconf 88' lang='lat' dir='ltr'>tamen</span> <span class='ocrx_word' id='word_1_71' title='bbox 1184 1400 1243 1460; x_wconf 88' lang='lat' dir='ltr'>eto.</span> 
     </span>
    </p>

    <p class='ocr_par' dir='ltr' id='par_1_3' title="bbox 189 1505 1299 2131">
     <span class='ocr_line' id='line_1_10' title="bbox 274 1505 1288 1592; baseline 0.004 -23"><span class='ocrx_word' id='word_1_72' title='bbox 274 1505 335 1584; x_wconf 82' lang='lat' dir='ltr'>Qui</span> <span class='ocrx_word' id='word_1_73' title='bbox 363 1525 464 1570; x_wconf 83' lang='lat' dir='ltr'>nexus</span> <span class='ocrx_word' id='word_1_74' title='bbox 492 1506 611 1589; x_wconf 91' lang='lat' dir='ltr'>optime</span> <span class='ocrx_word' id='word_1_75' title='bbox 640 1506 846 1586; x_wconf 89' lang='lat' dir='ltr'>restituetur,</span> <span class='ocrx_word' id='word_1_76' title='bbox 883 1507 910 1571; x_wconf 92' lang='lat' dir='ltr'>si</span> <span class='ocrx_word' id='word_1_77' title='bbox 932 1529 959 1571; x_wconf 83' lang='lat' dir='ltr'>v.</span> <span class='ocrx_word' id='word_1_78' title='bbox 980 1511 1039 1571; x_wconf 87' lang='grc'>106</span> <span class='ocrx_word' id='word_1_79' title='bbox 1062 1529 1157 1592; x_wconf 84' lang='lat' dir='ltr'>saepe</span> <span class='ocrx_word' id='word_1_80' title='bbox 1178 1508 1288 1591; x_wconf 88' lang='lat' dir='ltr'>itaque</span> 
     </span>
     <span class='ocr_line' id='line_1_11' title="bbox 189 1618 1299 1703; baseline 0.002 -21"><span class='ocrx_word' id='word_1_81' title='bbox 189 1639 261 1683; x_wconf 88' lang='lat' dir='ltr'>oum</span> <span class='ocrx_word' id='word_1_82' title='bbox 283 1623 311 1682; x_wconf 85' lang='lat' dir='ltr'>v.</span> <span class='ocrx_word' id='word_1_83' title='bbox 330 1623 368 1682; x_wconf 82' lang='lat'>97</span> <span class='ocrx_word' id='word_1_84' title='bbox 393 1618 667 1683; x_wconf 84' lang='lat' dir='ltr'>coniunxerimus:</span> <span class='ocrx_word' id='word_1_85' title='bbox 705 1619 776 1683; x_wconf 88' lang='lat' dir='ltr'>dieo</span> <span class='ocrx_word' id='word_1_86' title='bbox 800 1619 943 1683; x_wconf 88' lang='lat' dir='ltr'>animum</span> <span class='ocrx_word' id='word_1_87' title='bbox 966 1639 1034 1684; x_wconf 89' lang='lat' dir='ltr'>esse</span> <span class='ocrx_word' id='word_1_88' title='bbox 1056 1619 1195 1684; x_wconf 90' lang='lat' dir='ltr'>hominis</span> <span class='ocrx_word' id='word_1_89' title='bbox 1215 1640 1299 1703; x_wconf 84' lang='lat' dir='ltr'>par·.</span> 
     </span>
     <span class='ocr_line' id='line_1_12' title="bbox 189 1728 1288 1816; baseline 0.003 -22"><span class='ocrx_word' id='word_1_90' title='bbox 189 1735 254 1794; x_wconf 86' lang='lat' dir='ltr'>tem</span> <span class='ocrx_word' id='word_1_91' title='bbox 277 1728 343 1794; x_wconf 93' lang='lat' dir='ltr'>nilo</span> <span class='ocrx_word' id='word_1_92' title='bbox 366 1730 471 1793; x_wconf 93' lang='lat' dir='ltr'>minus</span> <span class='ocrx_word' id='word_1_93' title='bbox 493 1749 531 1794; x_wconf 88' lang='lat' dir='ltr'>ae</span> <span class='ocrx_word' id='word_1_94' title='bbox 553 1750 667 1794; x_wconf 91' lang='lat' dir='ltr'>manus</span> <span class='ocrx_word' id='word_1_95' title='bbox 689 1735 723 1795; x_wconf 91' lang='lat' dir='ltr'>et</span> <span class='ocrx_word' id='word_1_96' title='bbox 744 1750 800 1814; x_wconf 88' lang='lat' dir='ltr'>pes</span> <span class='ocrx_word' id='word_1_97' title='bbox 822 1735 920 1814; x_wconf 91' lang='lat' dir='ltr'>atque</span> <span class='ocrx_word' id='word_1_98' title='bbox 941 1732 1026 1797; x_wconf 81' lang='lat' dir='ltr'>oculi</span> <span class='ocrx_word' id='word_1_99' title='bbox 1049 1770 1087 1780; x_wconf 87' lang='grc'>-</span> <span class='ocrx_word' id='word_1_100' title='bbox 1112 1753 1205 1816; x_wconf 86' lang='lat' dir='ltr'>saepe</span> <span class='ocrx_word' id='word_1_101' title='bbox 1228 1733 1288 1797; x_wconf 92' lang='lat' dir='ltr'>ita-</span> 
     </span>
     <span class='ocr_line' id='line_1_13' title="bbox 189 1841 1289 1926; baseline 0.003 -20"><span class='ocrx_word' id='word_1_102' title='bbox 189 1862 251 1926; x_wconf 89' lang='lat' dir='ltr'>que</span> <span class='ocrx_word' id='word_1_103' title='bbox 273 1846 333 1907; x_wconf 85' lang='lat' dir='ltr'>eto.</span> <span class='ocrx_word' id='word_1_104' title='bbox 376 1841 526 1907; x_wconf 79' lang='lat' dir='ltr'>Fortasse</span> <span class='ocrx_word' id='word_1_105' title='bbox 547 1843 648 1926; x_wconf 86' lang='lat' dir='ltr'>igitur</span> <span class='ocrx_word' id='word_1_106' title='bbox 669 1864 698 1907; x_wconf 91' lang='lat' dir='ltr'>v.</span> <span class='ocrx_word' id='word_1_107' title='bbox 716 1847 756 1906; x_wconf 83' lang='lat'>98</span> <span class='ocrx_word' id='word_1_108' title='bbox 779 1863 907 1908; x_wconf 92' lang='lat' dir='ltr'>sensum</span> <span class='ocrx_word' id='word_1_109' title='bbox 930 1844 1030 1908; x_wconf 91' lang='lat' dir='ltr'>animi</span> <span class='ocrx_word' id='word_1_110' title='bbox 1049 1886 1085 1895; x_wconf 84' lang='lat'><em>-</em></span> <span class='ocrx_word' id='word_1_111' title='bbox 1102 1867 1130 1909; x_wconf 88' lang='lat' dir='ltr'>v.</span> <span class='ocrx_word' id='word_1_112' title='bbox 1147 1849 1206 1910; x_wconf 86' lang='lat'>106</span> <span class='ocrx_word' id='word_1_113' title='bbox 1222 1865 1289 1909; x_wconf 90' lang='lat' dir='ltr'>ma-</span> 
     </span>
     <span class='ocr_line' id='line_1_14' title="bbox 190 1953 1289 2037; baseline 0.004 -21"><span class='ocrx_word' id='word_1_114' title='bbox 190 1973 252 2035; x_wconf 82' lang='lat' dir='ltr'>gno</span> <span class='ocrx_word' id='word_1_115' title='bbox 274 1974 384 2037; x_wconf 90' lang='lat' dir='ltr'>opere:</span> <span class='ocrx_word' id='word_1_116' title='bbox 408 1957 481 2037; x_wconf 88' lang='lat' dir='ltr'>post</span> <span class='ocrx_word' id='word_1_117' title='bbox 502 1974 530 2016; x_wconf 90' lang='lat' dir='ltr'>v.</span> <span class='ocrx_word' id='word_1_118' title='bbox 547 1957 604 2016; x_wconf 93' lang='lat' dir='ltr'>lll</span> <span class='ocrx_word' id='word_1_119' title='bbox 629 1953 663 2018; x_wconf 90' lang='lat' dir='ltr'>in</span> <span class='ocrx_word' id='word_1_120' title='bbox 686 1953 775 2018; x_wconf 91' lang='lat' dir='ltr'>nullo</span> <span class='ocrx_word' id='word_1_121' title='bbox 799 1959 897 2037; x_wconf 87' lang='lat' dir='ltr'>eaput</span> <span class='ocrx_word' id='word_1_122' title='bbox 918 1954 1097 2020; x_wconf 84' lang='lat' dir='ltr'>collocandi</span> <span class='ocrx_word' id='word_1_123' title='bbox 1119 1960 1152 2019; x_wconf 88' lang='lat' dir='ltr'>et</span> <span class='ocrx_word' id='word_1_124' title='bbox 1173 1955 1207 2020; x_wconf 91' lang='lat' dir='ltr'>in</span> <span class='ocrx_word' id='word_1_125' title='bbox 1229 1955 1289 2020; x_wconf 93' lang='lat' dir='ltr'>ini-</span> 
     </span>
     <span class='ocr_line' id='line_1_15' title="bbox 190 2062 1120 2131; baseline 0.003 -3"><span class='ocrx_word' id='word_1_126' title='bbox 190 2064 271 2129; x_wconf 91' lang='lat' dir='ltr'>nitio</span> <span class='ocrx_word' id='word_1_127' title='bbox 294 2069 327 2128; x_wconf 88' lang='lat' dir='ltr'>et</span> <span class='ocrx_word' id='word_1_128' title='bbox 349 2065 383 2128; x_wconf 92' lang='lat' dir='ltr'>in</span> <span class='ocrx_word' id='word_1_129' title='bbox 405 2062 469 2129; x_wconf 91' lang='lat' dir='ltr'>fine</span> <span class='ocrx_word' id='word_1_130' title='bbox 490 2064 604 2129; x_wconf 91' lang='lat' dir='ltr'>horum</span> <span class='ocrx_word' id='word_1_131' title='bbox 629 2085 777 2130; x_wconf 87' lang='lat' dir='ltr'>versuum</span> <span class='ocrx_word' id='word_1_132' title='bbox 800 2065 916 2130; x_wconf 88' lang='lat' dir='ltr'>lacuna</span> <span class='ocrx_word' id='word_1_133' title='bbox 938 2066 1120 2131; x_wconf 89' lang='lat' dir='ltr'>statuenda.</span> 
     </span>
    </p>

    <p class='ocr_par' dir='ltr' id='par_1_4' title="bbox 189 2175 1294 4163">
     <span class='ocr_line' id='line_1_16' title="bbox 274 2175 1290 2260; baseline 0 -20"><span class='ocrx_word' id='word_1_134' title='bbox 274 2175 438 2240; x_wconf 89' lang='lat' dir='ltr'>Nonnulla</span> <span class='ocrx_word' id='word_1_135' title='bbox 465 2175 541 2241; x_wconf 91' lang='lat' dir='ltr'>huie</span> <span class='ocrx_word' id='word_1_136' title='bbox 569 2175 638 2240; x_wconf 86' lang='lat' dir='ltr'>loeo</span> <span class='ocrx_word' id='word_1_137' title='bbox 667 2175 776 2240; x_wconf 86' lang='lat' dir='ltr'>deesse</span> <span class='ocrx_word' id='word_1_138' title='bbox 805 2176 903 2240; x_wconf 87' lang='lat' dir='ltr'>etiam</span> <span class='ocrx_word' id='word_1_139' title='bbox 931 2175 1077 2260; x_wconf 87' lang='lat' dir='ltr'>proximo</span> <span class='ocrx_word' id='word_1_140' title='bbox 1100 2180 1290 2259; x_wconf 82' lang='lat' dir='ltr'>argumento</span> 
     </span>
     <span class='ocr_line' id='line_1_17' title="bbox 189 2285 1290 2372; baseline -0.002 -20"><span class='ocrx_word' id='word_1_141' title='bbox 189 2290 235 2372; x_wconf 90' lang='lat' dir='ltr'>(v.</span> <span class='ocrx_word' id='word_1_142' title='bbox 255 2292 313 2351; x_wconf 85' lang='lat'>112</span> <span class='ocrx_word' id='word_1_143' title='bbox 337 2292 507 2371; x_wconf 89' lang='lat' dir='ltr'>praeterea</span> <span class='ocrx_word' id='word_1_144' title='bbox 528 2291 560 2350; x_wconf 91' lang='lat' dir='ltr'>et</span> <span class='ocrx_word' id='word_1_145' title='bbox 582 2307 612 2369; x_wconf 89' lang='lat' dir='ltr'>q.</span> <span class='ocrx_word' id='word_1_146' title='bbox 636 2285 679 2368; x_wconf 91' lang='lat' dir='ltr'>s.)</span> <span class='ocrx_word' id='word_1_147' title='bbox 702 2285 895 2365; x_wconf 81' lang='lat' dir='ltr'>ostenditur,</span> <span class='ocrx_word' id='word_1_148' title='bbox 925 2286 1011 2369; x_wconf 91' lang='lat' dir='ltr'>quod</span> <span class='ocrx_word' id='word_1_149' title='bbox 1032 2307 1091 2370; x_wconf 84' lang='lat' dir='ltr'>per</span> <span class='ocrx_word' id='word_1_150' title='bbox 1112 2306 1145 2351; x_wconf 90' lang='lat' dir='ltr'>se</span> <span class='ocrx_word' id='word_1_151' title='bbox 1168 2287 1221 2350; x_wconf 86' lang='lat' dir='ltr'>vix</span> <span class='ocrx_word' id='word_1_152' title='bbox 1242 2286 1290 2350; x_wconf 91' lang='lat' dir='ltr'>in-</span> 
     </span>
     <span class='ocr_line' id='line_1_18' title="bbox 189 2396 1291 2484; baseline -0.002 -19"><span class='ocrx_word' id='word_1_153' title='bbox 189 2399 292 2483; x_wconf 82' lang='lat' dir='ltr'>telligi</span> <span class='ocrx_word' id='word_1_154' title='bbox 313 2404 427 2484; x_wconf 88' lang='lat' dir='ltr'>potest.</span> <span class='ocrx_word' id='word_1_155' title='bbox 473 2398 579 2478; x_wconf 81' lang='lat' dir='ltr'>Quid?</span> <span class='ocrx_word' id='word_1_156' title='bbox 616 2398 700 2480; x_wconf 91' lang='lat' dir='ltr'>quod</span> <span class='ocrx_word' id='word_1_157' title='bbox 730 2418 803 2462; x_wconf 84' lang='lat' dir='ltr'>oum</span> <span class='ocrx_word' id='word_1_158' title='bbox 831 2418 868 2463; x_wconf 91' lang='lat' dir='ltr'>eo</span> <span class='ocrx_word' id='word_1_159' title='bbox 891 2396 976 2481; x_wconf 92' lang='lat' dir='ltr'>quod</span> <span class='ocrx_word' id='word_1_160' title='bbox 998 2398 1143 2482; x_wconf 86' lang='lat' dir='ltr'>proxime</span> <span class='ocrx_word' id='word_1_161' title='bbox 1164 2402 1291 2463; x_wconf 80' lang='lat' dir='ltr'>antaee·</span> 
     </span>
     <span class='ocr_line' id='line_1_19' title="bbox 193 2509 1292 2591; baseline -0.003 -15"><span class='ocrx_word' id='word_1_162' title='bbox 193 2511 253 2591; x_wconf 85' lang='lat' dir='ltr'>dit,</span> <span class='ocrx_word' id='word_1_163' title='bbox 283 2511 489 2576; x_wconf 83' lang='lat' dir='ltr'>coniunctum</span> <span class='ocrx_word' id='word_1_164' title='bbox 518 2511 616 2575; x_wconf 86' lang='lat' dir='ltr'>etiam</span> <span class='ocrx_word' id='word_1_165' title='bbox 643 2515 755 2575; x_wconf 87' lang='lat' dir='ltr'>eontra</span> <span class='ocrx_word' id='word_1_166' title='bbox 784 2510 819 2574; x_wconf 92' lang='lat' dir='ltr'>id</span> <span class='ocrx_word' id='word_1_167' title='bbox 844 2512 950 2575; x_wconf 86' lang='lat' dir='ltr'>faeere</span> <span class='ocrx_word' id='word_1_168' title='bbox 977 2509 1119 2575; x_wconf 87' lang='lat' dir='ltr'>videtur:</span> <span class='ocrx_word' id='word_1_169' title='bbox 1157 2530 1233 2574; x_wconf 89' lang='lat' dir='ltr'>nam</span> <span class='ocrx_word' id='word_1_170' title='bbox 1264 2510 1292 2574; x_wconf 90' lang='lat' dir='ltr'>si</span> 
     </span>
     <span class='ocr_line' id='line_1_20' title="bbox 192 2622 1293 2708; baseline -0.003 -19"><span class='ocrx_word' id='word_1_171' title='bbox 192 2625 320 2690; x_wconf 88' lang='lat' dir='ltr'>animus</span> <span class='ocrx_word' id='word_1_172' title='bbox 341 2624 483 2708; x_wconf 86' lang='lat' dir='ltr'>eorporis</span> <span class='ocrx_word' id='word_1_173' title='bbox 506 2623 668 2707; x_wconf 91' lang='lat' dir='ltr'>quoddam</span> <span class='ocrx_word' id='word_1_174' title='bbox 689 2622 869 2688; x_wconf 86' lang='lat' dir='ltr'>membrum</span> <span class='ocrx_word' id='word_1_175' title='bbox 891 2627 949 2703; x_wconf 88' lang='lat' dir='ltr'>est,</span> <span class='ocrx_word' id='word_1_176' title='bbox 973 2644 1030 2687; x_wconf 87' lang='lat' dir='ltr'>our</span> <span class='ocrx_word' id='word_1_177' title='bbox 1045 2644 1110 2688; x_wconf 90' lang='lat' dir='ltr'>non</span> <span class='ocrx_word' id='word_1_178' title='bbox 1125 2627 1163 2687; x_wconf 90' lang='lat' dir='ltr'>ut</span> <span class='ocrx_word' id='word_1_179' title='bbox 1177 2643 1293 2687; x_wconf 92' lang='lat' dir='ltr'>manus</span> 
     </span>
     <span class='ocr_line' id='line_1_21' title="bbox 192 2734 1292 2822; baseline -0.004 -19"><span class='ocrx_word' id='word_1_180' title='bbox 192 2758 230 2803; x_wconf 85' lang='lat' dir='ltr'>ao</span> <span class='ocrx_word' id='word_1_181' title='bbox 251 2758 308 2822; x_wconf 92' lang='lat' dir='ltr'>pes</span> <span class='ocrx_word' id='word_1_182' title='bbox 329 2737 425 2802; x_wconf 90' lang='lat' dir='ltr'>simul</span> <span class='ocrx_word' id='word_1_183' title='bbox 447 2757 519 2801; x_wconf 86' lang='lat' dir='ltr'>eum</span> <span class='ocrx_word' id='word_1_184' title='bbox 540 2734 665 2819; x_wconf 64' lang='lat' dir='ltr'>reliquo</span> <span class='ocrx_word' id='word_1_185' title='bbox 687 2755 820 2819; x_wconf 80' lang='lat' dir='ltr'>corpore</span> <span class='ocrx_word' id='word_1_186' title='bbox 843 2735 983 2800; x_wconf 81' lang='lat' dir='ltr'>dormit?</span> <span class='ocrx_word' id='word_1_187' title='bbox 1019 2735 1125 2801; x_wconf 84' lang='lat' dir='ltr'>Etiam</span> <span class='ocrx_word' id='word_1_188' title='bbox 1148 2736 1187 2802; x_wconf 91' lang='lat' dir='ltr'>ob</span> <span class='ocrx_word' id='word_1_189' title='bbox 1209 2735 1292 2801; x_wconf 87' lang='lat' dir='ltr'>alias</span> 
     </span>
     <span class='ocr_line' id='line_1_22' title="bbox 192 2847 1291 2933; baseline -0.003 -18"><span class='ocrx_word' id='word_1_190' title='bbox 192 2870 307 2915; x_wconf 82' lang='lat' dir='ltr'>causas</span> <span class='ocrx_word' id='word_1_191' title='bbox 328 2849 499 2914; x_wconf 89' lang='lat' dir='ltr'>verisimile</span> <span class='ocrx_word' id='word_1_192' title='bbox 522 2854 585 2928; x_wconf 88' lang='lat' dir='ltr'>est,</span> <span class='ocrx_word' id='word_1_193' title='bbox 618 2853 695 2912; x_wconf 93' lang='lat' dir='ltr'>ante</span> <span class='ocrx_word' id='word_1_194' title='bbox 716 2869 744 2912; x_wconf 86' lang='lat' dir='ltr'>v.</span> <span class='ocrx_word' id='word_1_195' title='bbox 761 2851 802 2911; x_wconf 87' lang='lat'>98</span> <span class='ocrx_word' id='word_1_196' title='bbox 825 2847 1005 2930; x_wconf 87' lang='lat' dir='ltr'>complures</span> <span class='ocrx_word' id='word_1_197' title='bbox 1026 2868 1139 2913; x_wconf 85' lang='lat' dir='ltr'>versus</span> <span class='ocrx_word' id='word_1_198' title='bbox 1162 2849 1291 2933; x_wconf 89' lang='lat' dir='ltr'>perisse.</span> 
     </span>
     <span class='ocr_line' id='line_1_23' title="bbox 192 2961 1290 3045; baseline -0.003 -16"><span class='ocrx_word' id='word_1_199' title='bbox 192 2965 278 3030; x_wconf 86' lang='lat' dir='ltr'>Satis</span> <span class='ocrx_word' id='word_1_200' title='bbox 300 2965 381 3028; x_wconf 89' lang='lat' dir='ltr'>mire</span> <span class='ocrx_word' id='word_1_201' title='bbox 403 2963 488 3027; x_wconf 90' lang='lat' dir='ltr'>enim</span> <span class='ocrx_word' id='word_1_202' title='bbox 509 2962 588 3026; x_wconf 81' lang='lat' dir='ltr'>dicit</span> <span class='ocrx_word' id='word_1_203' title='bbox 608 2963 706 3045; x_wconf 79' lang='lat' dir='ltr'>podta</span> <span class='ocrx_word' id='word_1_204' title='bbox 724 2981 752 3024; x_wconf 89' lang='lat' dir='ltr'>v.</span> <span class='ocrx_word' id='word_1_205' title='bbox 770 2964 811 3024; x_wconf 88' lang='grc'>98</span> <span class='ocrx_word' id='word_1_206' title='bbox 834 2980 963 3025; x_wconf 88' lang='lat' dir='ltr'>sensum</span> <span class='ocrx_word' id='word_1_207' title='bbox 985 2961 1086 3026; x_wconf 90' lang='lat' dir='ltr'>animi</span> <span class='ocrx_word' id='word_1_208' title='bbox 1107 2967 1141 3027; x_wconf 93' lang='lat' dir='ltr'>et</span> <span class='ocrx_word' id='word_1_209' title='bbox 1162 2962 1239 3027; x_wconf 89' lang='lat' dir='ltr'>item</span> <span class='ocrx_word' id='word_1_210' title='bbox 1262 2984 1290 3026; x_wconf 88' lang='lat' dir='ltr'>v.</span> 
     </span>
     <span class='ocr_line' id='line_1_24' title="bbox 195 3071 1293 3157; baseline 0 -19"><span class='ocrx_word' id='word_1_211' title='bbox 195 3079 255 3140; x_wconf 76' lang='lat'>104</span> <span class='ocrx_word' id='word_1_212' title='bbox 277 3075 322 3139; x_wconf 87' lang='lat' dir='ltr'>sio</span> <span class='ocrx_word' id='word_1_213' title='bbox 343 3073 443 3138; x_wconf 86' lang='lat' dir='ltr'>animi</span> <span class='ocrx_word' id='word_1_214' title='bbox 466 3092 593 3137; x_wconf 90' lang='lat' dir='ltr'>sensum</span> <span class='ocrx_word' id='word_1_215' title='bbox 616 3077 675 3136; x_wconf 87' lang='lat' dir='ltr'>eto.</span> <span class='ocrx_word' id='word_1_216' title='bbox 710 3071 792 3150; x_wconf 82' lang='lat' dir='ltr'>&#39;Qua</span> <span class='ocrx_word' id='word_1_217' title='bbox 819 3071 853 3134; x_wconf 93' lang='lat' dir='ltr'>iu</span> <span class='ocrx_word' id='word_1_218' title='bbox 882 3091 917 3136; x_wconf 98' lang='lat' dir='ltr'>re</span> <span class='ocrx_word' id='word_1_219' title='bbox 945 3072 1026 3137; x_wconf 90' lang='lat' dir='ltr'>nihil</span> <span class='ocrx_word' id='word_1_220' title='bbox 1055 3079 1105 3138; x_wconf 94' lang='lat' dir='ltr'>est</span> <span class='ocrx_word' id='word_1_221' title='bbox 1126 3073 1213 3157; x_wconf 91' lang='lat' dir='ltr'>quod</span> <span class='ocrx_word' id='word_1_222' title='bbox 1234 3074 1293 3137; x_wconf 91' lang='lat' dir='ltr'>mi·</span> 
     </span>
     <span class='ocr_line' id='line_1_25' title="bbox 191 3181 1293 3265; baseline -0.003 -15"><span class='ocrx_word' id='word_1_223' title='bbox 191 3206 314 3265; x_wconf 86' lang='lat' dir='ltr'>remur,</span> <span class='ocrx_word' id='word_1_224' title='bbox 341 3184 368 3249; x_wconf 90' lang='lat' dir='ltr'>si</span> <span class='ocrx_word' id='word_1_225' title='bbox 388 3182 642 3262; x_wconf 77' lang='lat' dir='ltr'>meminerimus,</span> <span class='ocrx_word' id='word_1_226' title='bbox 664 3181 892 3248; x_wconf 86' lang='lat' dir='ltr'>Aristoxenum</span> <span class='ocrx_word' id='word_1_227' title='bbox 914 3202 1061 3265; x_wconf 84' lang='lat' dir='ltr'>negasse,</span> <span class='ocrx_word' id='word_1_228' title='bbox 1091 3183 1221 3248; x_wconf 91' lang='lat' dir='ltr'>omnino</span> <span class='ocrx_word' id='word_1_229' title='bbox 1244 3182 1293 3248; x_wconf 94' lang='lat' dir='ltr'>ul-</span> 
     </span>
     <span class='ocr_line' id='line_1_26' title="bbox 191 3294 1293 3379; baseline -0.002 -16"><span class='ocrx_word' id='word_1_230' title='bbox 191 3297 259 3363; x_wconf 90' lang='lat' dir='ltr'>lum</span> <span class='ocrx_word' id='word_1_231' title='bbox 282 3316 350 3360; x_wconf 87' lang='lat' dir='ltr'>esse</span> <span class='ocrx_word' id='word_1_232' title='bbox 372 3296 515 3359; x_wconf 92' lang='lat' dir='ltr'>animum</span> <span class='ocrx_word' id='word_1_233' title='bbox 538 3296 637 3360; x_wconf 89' lang='lat' dir='ltr'>etiam</span> <span class='ocrx_word' id='word_1_234' title='bbox 658 3296 728 3359; x_wconf 85' lang='lat' dir='ltr'>vivo</span> <span class='ocrx_word' id='word_1_235' title='bbox 751 3295 786 3359; x_wconf 91' lang='lat' dir='ltr'>in</span> <span class='ocrx_word' id='word_1_236' title='bbox 808 3316 950 3379; x_wconf 86' lang='lat' dir='ltr'>corpore,</span> <span class='ocrx_word' id='word_1_237' title='bbox 974 3294 1029 3360; x_wconf 89' lang='lat' dir='ltr'>sed</span> <span class='ocrx_word' id='word_1_238' title='bbox 1051 3295 1114 3360; x_wconf 87' lang='lat' dir='ltr'>vim</span> <span class='ocrx_word' id='word_1_239' title='bbox 1135 3295 1293 3362; x_wconf 88' lang='lat' dir='ltr'>sentiendi</span> 
     </span>
     <span class='ocr_line' id='line_1_27' title="bbox 192 3406 1292 3492; baseline -0.001 -18"><span class='ocrx_word' id='word_1_240' title='bbox 192 3415 319 3475; x_wconf 89' lang='lat' dir='ltr'>tantum</span> <span class='ocrx_word' id='word_1_241' title='bbox 341 3409 375 3474; x_wconf 92' lang='lat' dir='ltr'>in</span> <span class='ocrx_word' id='word_1_242' title='bbox 398 3408 583 3492; x_wconf 87' lang='lat' dir='ltr'>corporibus</span> <span class='ocrx_word' id='word_1_243' title='bbox 610 3408 747 3472; x_wconf 85' lang='lat' dir='ltr'>existere</span> <span class='ocrx_word' id='word_1_244' title='bbox 775 3406 832 3490; x_wconf 86' lang='lat' dir='ltr'><strong>(cf.</strong></span> <span class='ocrx_word' id='word_1_245' title='bbox 856 3407 1003 3472; x_wconf 85' lang='lat' dir='ltr'>Laetant.</span> <span class='ocrx_word' id='word_1_246' title='bbox 1027 3408 1132 3471; x_wconf 87' lang='lat' dir='ltr'>Instit.</span> <span class='ocrx_word' id='word_1_247' title='bbox 1156 3408 1228 3488; x_wconf 91' lang='lat' dir='ltr'>Vll,</span> <span class='ocrx_word' id='word_1_248' title='bbox 1254 3412 1292 3473; x_wconf 82' lang='lat'>13</span> 
     </span>
     <span class='ocr_line' id='line_1_28' title="bbox 193 3515 1294 3601; baseline 0.002 -19"><span class='ocrx_word' id='word_1_249' title='bbox 193 3539 214 3583; x_wconf 90' lang='lat' dir='ltr'>a</span> <span class='ocrx_word' id='word_1_250' title='bbox 236 3518 383 3582; x_wconf 90' lang='lat' dir='ltr'>Munroio</span> <span class='ocrx_word' id='word_1_251' title='bbox 405 3517 446 3581; x_wconf 90' lang='lat' dir='ltr'>ad</span> <span class='ocrx_word' id='word_1_252' title='bbox 468 3516 553 3580; x_wconf 88' lang='lat' dir='ltr'>huno</span> <span class='ocrx_word' id='word_1_253' title='bbox 574 3515 680 3581; x_wconf 85' lang='lat' dir='ltr'>locum</span> <span class='ocrx_word' id='word_1_254' title='bbox 702 3515 862 3596; x_wconf 84' lang='lat' dir='ltr'>allatum).</span> <span class='ocrx_word' id='word_1_255' title='bbox 906 3516 1000 3595; x_wconf 81' lang='lat' dir='ltr'>Quod</span> <span class='ocrx_word' id='word_1_256' title='bbox 1022 3517 1056 3581; x_wconf 91' lang='lat' dir='ltr'>in</span> <span class='ocrx_word' id='word_1_257' title='bbox 1077 3518 1294 3601; x_wconf 89' lang='lat' dir='ltr'>superioribus</span> 
     </span>
     <span class='ocr_line' id='line_1_29' title="bbox 193 3624 1292 3714; baseline 0 -20"><span class='ocrx_word' id='word_1_258' title='bbox 193 3628 397 3714; x_wconf 88' lang='lat' dir='ltr'>aliquomodo</span> <span class='ocrx_word' id='word_1_259' title='bbox 419 3627 541 3691; x_wconf 83' lang='lat' dir='ltr'>dictum</span> <span class='ocrx_word' id='word_1_260' title='bbox 563 3624 661 3691; x_wconf 82' lang='lat' dir='ltr'>fuisse</span> <span class='ocrx_word' id='word_1_261' title='bbox 683 3645 813 3691; x_wconf 87' lang='lat' dir='ltr'>neeesse</span> <span class='ocrx_word' id='word_1_262' title='bbox 835 3630 893 3705; x_wconf 90' lang='lat' dir='ltr'>est,</span> <span class='ocrx_word' id='word_1_263' title='bbox 916 3647 1016 3710; x_wconf 92' lang='lat' dir='ltr'>quum</span> <span class='ocrx_word' id='word_1_264' title='bbox 1038 3627 1165 3693; x_wconf 87' lang='lat' dir='ltr'>Lueret.</span> <span class='ocrx_word' id='word_1_265' title='bbox 1189 3651 1217 3694; x_wconf 83' lang='lat' dir='ltr'>v.</span> <span class='ocrx_word' id='word_1_266' title='bbox 1232 3635 1292 3695; x_wconf 89' lang='lat'>113</span> 
     </span>
     <span class='ocr_line' id='line_1_30' title="bbox 193 3736 1294 3824; baseline 0 -18"><span class='ocrx_word' id='word_1_267' title='bbox 193 3747 298 3806; x_wconf 88' lang='grc'>-116</span> <span class='ocrx_word' id='word_1_268' title='bbox 322 3745 434 3806; x_wconf 88' lang='lat' dir='ltr'>eontra</span> <span class='ocrx_word' id='word_1_269' title='bbox 456 3736 544 3803; x_wconf 90' lang='lat' dir='ltr'>illam</span> <span class='ocrx_word' id='word_1_270' title='bbox 561 3738 742 3803; x_wconf 79' lang='lat' dir='ltr'>Aristoxeni</span> <span class='ocrx_word' id='word_1_271' title='bbox 758 3739 950 3803; x_wconf 87' lang='lat' dir='ltr'>sententiam</span> <span class='ocrx_word' id='word_1_272' title='bbox 971 3761 1127 3824; x_wconf 82' lang='lat' dir='ltr'>pugnans,</span> <span class='ocrx_word' id='word_1_273' title='bbox 1150 3742 1294 3806; x_wconf 88' lang='lat' dir='ltr'>animum</span> 
     </span>
     <span class='ocr_line' id='line_1_31' title="bbox 192 3852 1293 3939; baseline -0.005 -17"><span class='ocrx_word' id='word_1_274' title='bbox 192 3857 380 3939; x_wconf 84' lang='lat' dir='ltr'>incorpore</span> <span class='ocrx_word' id='word_1_275' title='bbox 403 3873 471 3917; x_wconf 91' lang='lat' dir='ltr'>esse</span> <span class='ocrx_word' id='word_1_276' title='bbox 495 3852 640 3917; x_wconf 83' lang='lat' dir='ltr'>evincere</span> <span class='ocrx_word' id='word_1_277' title='bbox 663 3852 809 3932; x_wconf 82' lang='lat' dir='ltr'>studeat3</span> <span class='ocrx_word' id='word_1_278' title='bbox 845 3852 923 3918; x_wconf 85' lang='lat' dir='ltr'>dicit</span> <span class='ocrx_word' id='word_1_279' title='bbox 951 3854 1036 3918; x_wconf 88' lang='lat' dir='ltr'>enim</span> <span class='ocrx_word' id='word_1_280' title='bbox 1059 3875 1151 3918; x_wconf 80' lang='lat' dir='ltr'>sensu</span> <span class='ocrx_word' id='word_1_281' title='bbox 1172 3854 1293 3918; x_wconf 75' lang='lat' dir='ltr'>sublato</span> 
     </span>
     <span class='ocr_line' id='line_1_32' title="bbox 193 3965 1294 4050; baseline -0.002 -17"><span class='ocrx_word' id='word_1_282' title='bbox 193 3967 282 4034; x_wconf 85' lang='lat' dir='ltr'>aliud</span> <span class='ocrx_word' id='word_1_283' title='bbox 306 3967 338 4049; x_wconf 86' lang='lat' dir='ltr'>(i.</span> <span class='ocrx_word' id='word_1_284' title='bbox 356 3987 382 4030; x_wconf 92' lang='lat' dir='ltr'>e.</span> <span class='ocrx_word' id='word_1_285' title='bbox 407 3966 564 4045; x_wconf 89' lang='lat' dir='ltr'>animum)</span> <span class='ocrx_word' id='word_1_286' title='bbox 593 3971 701 4029; x_wconf 88' lang='lat' dir='ltr'>tamen</span> <span class='ocrx_word' id='word_1_287' title='bbox 723 3965 758 4029; x_wconf 89' lang='lat' dir='ltr'>in</span> <span class='ocrx_word' id='word_1_288' title='bbox 780 3965 873 4032; x_wconf 91' lang='lat' dir='ltr'>nobis</span> <span class='ocrx_word' id='word_1_289' title='bbox 895 3985 963 4031; x_wconf 90' lang='lat' dir='ltr'>esse</span> <span class='ocrx_word' id='word_1_290' title='bbox 986 3966 1072 4048; x_wconf 94' lang='lat' dir='ltr'>quod</span> <span class='ocrx_word' id='word_1_291' title='bbox 1094 3972 1237 4050; x_wconf 86' lang='lat' dir='ltr'>tempore</span> <span class='ocrx_word' id='word_1_292' title='bbox 1259 3967 1294 4031; x_wconf 90' lang='lat' dir='ltr'>in</span> 
     </span>
     <span class='ocr_line' id='line_1_33' title="bbox 192 4078 784 4163; baseline -0.008 -18"><span class='ocrx_word' id='word_1_293' title='bbox 192 4079 246 4145; x_wconf 92' lang='lat' dir='ltr'>illo</span> <span class='ocrx_word' id='word_1_294' title='bbox 269 4078 467 4145; x_wconf 92' lang='lat' dir='ltr'>multimodis</span> <span class='ocrx_word' id='word_1_295' title='bbox 489 4078 631 4163; x_wconf 83' lang='lat' dir='ltr'>agitatur</span> <span class='ocrx_word' id='word_1_296' title='bbox 652 4082 686 4141; x_wconf 91' lang='lat' dir='ltr'>et</span> <span class='ocrx_word' id='word_1_297' title='bbox 707 4098 737 4160; x_wconf 90' lang='lat' dir='ltr'>q.</span> <span class='ocrx_word' id='word_1_298' title='bbox 759 4097 784 4140; x_wconf 93' lang='lat' dir='ltr'>s.</span> 
     </span>
    </p>

    <p class='ocr_par' dir='ltr' id='par_1_5' title="bbox 191 4184 1294 4387">
     <span class='ocr_line' id='line_1_34' title="bbox 279 4184 1294 4273; baseline -0.005 -19"><span class='ocrx_word' id='word_1_299' title='bbox 279 4190 421 4269; x_wconf 83' lang='lat' dir='ltr'>Quorum</span> <span class='ocrx_word' id='word_1_300' title='bbox 442 4188 641 4273; x_wconf 85' lang='lat' dir='ltr'>pertinerent</span> <span class='ocrx_word' id='word_1_301' title='bbox 662 4185 778 4252; x_wconf 82' lang='lat' dir='ltr'>verba:</span> <span class='ocrx_word' id='word_1_302' title='bbox 802 4184 891 4249; x_wconf 91' lang='lat' dir='ltr'>molli</span> <span class='ocrx_word' id='word_1_303' title='bbox 914 4205 1012 4269; x_wconf 90' lang='lat' dir='ltr'>quum</span> <span class='ocrx_word' id='word_1_304' title='bbox 1036 4204 1147 4250; x_wconf 89' lang='lat' dir='ltr'>somno</span> <span class='ocrx_word' id='word_1_305' title='bbox 1170 4184 1260 4251; x_wconf 89' lang='lat' dir='ltr'>dedit</span> <span class='ocrx_word' id='word_1_306' title='bbox 1273 4206 1294 4249; x_wconf 91' lang='lat' dir='ltr'>a</span> 
     </span>
     <span class='ocr_line' id='line_1_35' title="bbox 191 4298 1294 4387; baseline -0.008 -14"><span class='ocrx_word' id='word_1_307' title='bbox 191 4302 339 4373; x_wconf 88' lang='lat' dir='ltr'>membra</span> <span class='ocrx_word' id='word_1_308' title='bbox 360 4301 559 4387; x_wconf 86' lang='lat' dir='ltr'>effusumque</span> <span class='ocrx_word' id='word_1_309' title='bbox 581 4300 667 4366; x_wconf 86' lang='lat' dir='ltr'>iacet</span> <span class='ocrx_word' id='word_1_310' title='bbox 688 4319 804 4384; x_wconf 88' lang='lat' dir='ltr'>eorpus</span> <span class='ocrx_word' id='word_1_311' title='bbox 827 4303 997 4379; x_wconf 83' lang='lat' dir='ltr'>onustum,</span> <span class='ocrx_word' id='word_1_312' title='bbox 1033 4317 1134 4381; x_wconf 86' lang='lat' dir='ltr'>aeque</span> <span class='ocrx_word' id='word_1_313' title='bbox 1157 4298 1294 4365; x_wconf 83' lang='lat' dir='ltr'>nescire·</span> 
     </span>
    </p>
   </div>
   <div class='ocr_carea' id='block_1_3' title="bbox 0 0 1571 5134">
    <p class='ocr_par' dir='ltr' id='par_1_6' title="bbox 0 0 1571 5134">
     <span class='ocr_line' id='line_1_36' title="bbox 0 0 1571 5134; baseline 0 0"><span class='ocrx_word' id='word_1_314' title='bbox 0 0 1571 5134; x_wconf 95' lang='lat' dir='ltr'> </span> 
     </span>
    </p>
   </div>
  </div>
 </body>
</html>
