3117 5134
671 531 710 596 19

142 717 196 783 sed
219 736 284 783 non
307 717 409 799 videa
432 716 511 801 quid
533 717 594 783 sibi
615 717 692 782 velit
713 717 790 782 dccc
811 719 964 802 quoniam
979 722 1112 800 nature3
1138 738 1242 803 neque

29 824 37 847 '
142 831 243 914 magis
264 835 418 914 exputare
440 830 547 915 potui,
577 850 675 913 quam
697 830 760 894 vim
782 829 902 894 habeat
924 828 1131 896 vocabulum:
1169 829 1240 910 hoc,

143 943 225 1027 quod
249 942 416 1007 Munroius
439 941 537 1024 dedit,
560 942 624 1007 ulia
646 943 745 1007 etiam
766 941 909 1007 admissa
929 944 1123 1008 mutatione:

268 1054 432 1119 Scinditur
453 1054 543 1138 itque
564 1055 691 1120 animae
713 1054 773 1120 hoc
797 1056 950 1138 qnoniam
972 1062 1039 1121 nat.
1064 1062 1124 1122 etc.

225 1165 477 1251 Interpretatur,
500 1172 537 1232 ut
559 1167 688 1251 quidem
710 1167 854 1246 videtur,
877 1174 915 1233 ut
936 1170 995 1235 sit:
1018 1171 1052 1235 in
1073 1170 1139 1235 tbis
1161 1190 1240 1253 way.

142 1277 305 1342 Facillime
328 1282 454 1358 autem,
488 1283 525 1342 ut
547 1277 626 1341 mihi
650 1276 779 1360 quidem
802 1278 945 1360 videtur,
978 1280 1146 1365 Bernaysii
1169 1301 1243 1346 con·

142 1390 296 1455 iecturam
318 1390 428 1470 secuti,
452 1390 498 1454 sic
519 1390 713 1455 scribemus:

269 1501 434 1567 Scinditur
456 1522 558 1586 aeque
580 1504 707 1567 animae
731 1503 883 1586 quoniam
906 1507 1024 1566 natura
1045 1507 1104 1567 ete.
1140 1560 1146 1571 ,

229 1616 362 1680 Animae
395 1620 514 1679 natura
549 1621 586 1679 ut
615 1616 742 1700 saepius
771 1616 857 1699 apud
887 1615 1072 1680 Lucretium
1101 1614 1242 1698 positum

142 1748 201 1812 pro
223 1727 359 1811 simplici
381 1726 502 1792 anima.

226 1837 399 1902 Praeterea
420 1835 551 1920 dignum
575 1841 624 1901 est
651 1835 736 1919 quod
759 1840 890 1900 notetur
912 1835 945 1898 in
967 1833 1030 1898 fine
1055 1852 1165 1897 versus
1187 1851 1243 1914 po·

141 1948 254 2012 situm:
278 1970 334 2011 nec
356 1969 429 2010 uno.

225 2058 279 2123 Fit
300 2058 386 2122 enim
408 2079 482 2123 raro
505 2059 539 2122 in
562 2058 703 2126 Lucretii
726 2059 905 2138 codicibus,
948 2063 985 2122 ut
1015 2060 1167 2120 secante
1190 2075 1243 2118 1ο-
1283 2060 1286 2063 ’

143 2168 242 2234 calem
267 2175 416 2253 ponatur.
461 2169 553 2248 Quod
582 2169 826 2234 Lachmannum
855 2169 982 2233 videtur
1011 2166 1150 2249 fugisse,
1187 2165 1242 2247 qui

142 2279 183 2344 ad
205 2280 332 2345 Lucret.
354 2303 385 2364 p,
413 2286 472 2345 187
503 2281 597 2346 dicit:
636 2281 668 2345 in
698 2282 802 2364 primo
828 2285 861 2344 et
884 2279 1022 2344 secundo
1044 2277 1126 2365 pede
1148 2282 1243 2341 tanta

142 2398 191 2459 est
213 2393 356 2458 codicum
379 2395 571 2473 constantia,
594 2398 691 2458 utne
712 2399 787 2457 aute
802 2392 927 2457 vocales
942 2391 1072 2475 quidem
1087 2390 1242 2474 scripturn

141 2507 199 2572 sit:
230 2529 305 2583 nea·
333 2506 367 2571 id
397 2513 504 2571 autern
527 2505 566 2584 (si
589 2526 648 2569 nec
670 2504 805 2589 opinans
828 2504 1016 2587 excipimus)
1040 2501 1148 2566 novies
1172 2506 1244 2564 tan·

141 2623 211 2681 tum
233 2617 319 2701 apud
341 2617 524 2682 Lucretium
548 2615 670 2680 iactum
692 2621 751 2679 est.
796 2613 952 2680 Omnibus
979 2635 1076 2697 neque
1095 2617 1171 2677 ante
1191 2633 1244 2675 vo-

143 2728 245 2793 calem
266 2731 413 2813 usurpati
436 2729 608 2813 exemplis,
646 2727 704 2792 sub
726 2712 790 2791 uno
813 2733 985 2811 conspectu
1007 2727 1140 2811 positis,
1179 2725 1244 2789 iam

142 2839 247 2904 elucet
277 2860 374 2922 quam
401 2861 505 2924 pauca
527 2838 676 2923 exempla
698 2837 772 2902 huic
795 2837 925 2922 regulae
947 2835 1159 2918 refragentur.
1205 2836 1244 2901 In

106 3016 116 3035 ‚
140 2948 223 3016 libro
245 2951 350 3034 primo
372 2973 400 3014 v.
418 2954 459 3014 24
481 2969 584 3033 neque
607 2948 754 3026 amabile,
778 2950 840 3012 216
857 2968 959 3030 neque
975 2945 1038 3027 ad,
1062 2949 1123 3011 266
1139 2966 1243 3030 neque

141 3065 239 3143 item,
275 3067 338 3127 428
361 3083 463 3146 neque
486 3063 634 3141 omniun,
672 3065 734 3125 479
757 3081 861 3143 neque
884 3079 972 3138 esse,
1009 3063 1245 3142 venenoque

140 3174 236 3252 item,
259 3196 288 3237 1.
306 3177 366 3237 613
390 3194 493 3257 neque
516 3171 628 3251 avelli,
651 3193 679 3235 v.
697 3175 758 3235 687
783 3190 886 3253 neque
909 3168 984 3247 ulli,
1008 3191 1035 3232 v.
1055 3172 1117 3232 690
1139 3187 1243 3250 neque

139 3286 260 3367 ullam,
283 3308 310 3350 1.
328 3290 388 3350 851
413 3305 518 3370 neque
540 3283 597 3365 ab,
624 3306 653 3348 1.
670 3288 732 3348 857
756 3303 860 3367 neque
882 3288 1005 3362 autem,
1036 3285 1162 3345 1.1071
1188 3301 1244 3345 ne·

141 3419 204 3483 que
227 3399 366 3464 omnino.

229 3510 266 3574 In
289 3510 371 3575 libro
394 3509 550 3574 secundo:
576 3530 604 3572 1.
621 3512 661 3571 87
685 3527 789 3590 neque
813 3506 909 3585 enim,
932 3509 970 3569 91
996 3524 1099 3587 neque
1115 3503 1244 3582 habere,

141 3626 203 3687 235
227 3641 331 3706 neque
353 3620 436 3701 ullo,
466 3625 526 3685 241
551 3640 655 3703 neque
679 3620 777 3697 ictus,
814 3622 875 3682 296
899 3636 1003 3699 neque
1025 3615 1067 3681 ad
1090 3616 1244 3698 augescit,

141 3739 204 3802 305
227 3755 331 3818 neque
354 3736 387 3799 in
410 3754 512 3814 omne,
535 3738 596 3798 427
619 3752 723 3816 neque
745 3732 885 3810 omnino,
908 3733 1093 3813 {illincque
1115 3729 1158 3810 in,
1182 3731 1244 3794 716

140 3866 246 3930 neque
268 3848 302 3910 in
325 3867 368 3926 se,
393 3840 454 3910 796
476 3865 579 3928 neque
601 3844 649 3920 iu,
672 3846 735 3907 836
757 3861 863 3925 neque
886 3839 1031 3920 odorem,
1054 3845 1116 3905 858
1139 3860 1243 3923 neque

139 3958 229 4038 item,
253 3962 313 4022 867
338 3977 441 4040 neque
463 3955 506 4034 id,
529 3959 590 4019 912
613 3974 717 4037 neque
740 3953 817 4018 ulla.

228 4068 287 4147 ΙΙΙ,
311 4071 351 4131 23
375 4087 478 4149 neque
499 4064 581 4145 ulla3
605 4087 633 4129 1.
652 4068 691 4128 39
714 4085 819 4148 neque
841 4062 952 4142 ullam,
978 4066 1038 4125 118
1053 4083 1156 4146 neque
1171 4062 1245 4127 har·

139 4181 299 4261 moniam,
338 4184 395 4245 125
419 4201 523 4263 neque
546 4200 602 4260 ex,
641 4182 701 4242 252
725 4199 829 4262 neque
851 4197 941 4256 aere,
979 4180 1042 4240 340
1070 4194 1174 4259 neque
1196 4196 1244 4256 ea,

141 4297 205 4358 365
229 4313 332 4376 neque
355 4294 451 4372 enim,
475 4297 536 4356 383
559 4313 663 4375 neque
686 4292 788 4369 arani,
813 4294 874 4355 467
899 4308 1000 4372 neque
1016 4288 1158 4369 exaudit,
1181 4293 1245 4352 550

4 4456 9 4496 ,
139 4426 246 4488 neque
269 4426 346 4485 esse,
370 4407 429 4467 621
454 4425 557 4486 neque
579 4404 612 4467 in
635 4403 712 4485 igni,
736 4405 798 4466 630
814 4419 916 4483 neque
931 4418 1035 4479 aures,
1058 4403 1116 4462 631
1142 4418 1245 4482 neque

984 4520 1016 4571 2*
