3117 5134
675 475 713 536 31

143 645 145 650 ’
273 661 327 743 IV,
350 663 401 725 99.
444 658 587 739 Ex(cita)
610 657 803 741 imaginibus
826 663 859 724 ct
881 681 911 743 q.
935 681 959 725 s.

228 772 344 838 codd:
377 791 417 836 ex
439 770 641 855 imaginibus.
687 770 855 837 Munroius
876 771 1066 839 lemsissima
1087 775 1240 840 mutatio·

144 906 198 951 ne:
228 886 350 950 extima
370 882 564 968 imaginibus
587 888 628 949 et.
652 902 682 967 q.
699 903 722 946 s.
747 882 804 947 the
825 882 928 949 scribe
949 884 1114 968 neglected
1137 890 1171 950 to
1192 905 1243 950 rc·

143 1001 218 1080 peat
241 996 310 1061 the:
333 995 415 1074 ima,
438 998 475 1058 ut
497 993 581 1058 dicit
603 992 637 1057 in
668 977 888 1058 annotatione.
933 992 1018 1058 Illud
1047 996 1168 1060 extima
1189 1015 1238 1060 16-

141 1106 272 1174 161161
293 1107 465 1172 simulacra
487 1128 515 1171 v.
534 1111 590 1188 97,
619 1113 652 1172 et
673 1108 795 1171 extima
817 1107 989 1172 simulacra
1010 1109 1242 1193 interpretatur

141 1237 211 1282 esse
234 1236 307 1282 oras
328 1216 513 1299 imaginum,
537 1220 574 1279 ut
595 1238 624 1280 v.
644 1219 703 1281 133
726 1221 760 1280 et
782 1217 934 1299 cuiusque
956 1218 1043 1282 modi
1065 1216 1241 1283 formarum

141 1335 266 1395 vertere
287 1331 321 1393 iu
345 1348 428 1393 oras.
472 1328 522 1392 Ad
545 1348 636 1392 suam
652 1327 691 1393 dc
707 1327 767 1393 hoc
783 1329 853 1394 1606
868 1331 1061 1395 senteutiam
1075 1331 1241 1397 illustran-

141 1441 216 1505 dam
239 1438 406 1504 Munroius
428 1438 539 1503 attulit
563 1437 759 1520 Ciceronem,
784 1440 838 1522 qui
861 1439 901 1505 de
924 1439 992 1505 deis
1007 1443 1173 1526 Epicureis
1194 1443 1242 1508 di-

142 1555 291 1634 sputans,
326 1549 366 1614 dc
393 1553 460 1613 nat.
485 1548 617 1614 deorum
641 1548 664 1629 l,
690 1553 749 1614 123
772 1547 957 1616 homunculi
979 1551 1114 1617 similem
1134 1553 1242 1634 deum,

142 1662 346 1727 lineamentis
368 1662 538 1726 dumtaxat
560 1662 728 1741 extremis,
758 1683 823 1726 non
844 1661 959 1727 habitu
981 1663 1082 1728 solido
1106 1669 1139 1728 et
1160 1685 1190 1747 q.
1214 1685 1239 1729 s.
1264 1660 1271 1679 '

142 1780 309 1859 praetcrea
330 1773 470 1839 Macrob.
493 1773 561 1838 Sat.
585 1773 655 1852 VII,
683 1777 730 1853 14,
752 1778 782 1837 4.
806 1774 885 1838 Α66.
903 1773 957 1853 VI,
974 1777 1045 1837 292.
1091 1773 1154 1840 Sed
1175 1796 1252 1840 om·-

141 1888 236 1953 uibus
259 1887 308 1952 his
330 1887 408 1953 locis
431 1886 571 1952 Munroii
592 1887 777 1952 coniectura
797 1908 914 1971 parum
936 1885 1098 1967 firmatur,
1131 1909 1240 1971 quum,

141 2002 202 2067 etsi
225 2000 330 2066 dicere
352 2001 509 2085 possimus
530 2005 675 2065 extrema
696 2000 902 2079 lineamenta,
924 2022 987 2065 nou
1004 2008 1166 2083 sequatur,
1189 2021 1243 2065 ex·

141 2115 222 2178 tima
243 2112 416 2178 simulacra
438 2110 551 2177 eadem
573 2132 641 2177 esse
663 2131 746 2195 quae
769 2132 845 2177 orae
868 2110 1053 2177 formarum.
1098 2110 1145 2176 De
1168 2133 1242 2176 con-

141 2227 265 2292 iectura
285 2225 502 2290 Lachmauui:

226 2339 341 2404 Excita
376 2336 569 2421 imaginibus
598 2336 714 2401 missus
746 2337 921 2402 consistere
949 2357 1075 2418 rerum,
1112 2338 1243 2403 Lotzius

142 2452 271 2530 Quaest.
296 2451 422 2516 Lucret.
447 2449 560 2514 Philol.
585 2455 604 2513 7
626 2472 657 2534 p.
675 2452 736 2515 723
759 2450 899 2530 monuit,
922 2470 986 2514 non
1007 2450 1087 2515 bene
1110 2449 1243 2516 simula·

141 2582 212 2643 616,
241 2582 322 2645 quas
344 2563 430 2645 ipsas
452 2566 548 2644 poeta
570 2579 638 2624 6666
660 2558 756 2623 vellet
778 2559 950 2643 imagines,
983 2559 1024 2625 ab
1046 2560 1240 2644 imaginibus

140 2674 246 2739 excita
267 2673 450 2752 consistere,
474 2691 573 2755 quare
595 2671 726 2736 minime
747 2670 875 2736 insolito
897 2671 1065 2738 verborum
1089 2672 1217 2738 ordine:

269 2784 319 2848 Ex
341 2804 380 2848 ea
401 2783 596 2867 imaginibus
617 2783 722 2848 missis
743 2784 917 2848 consistere
938 2803 1046 2848 rerum

140 2897 344 2964 scribendum
371 2903 488 2963 censet.
547 2898 589 2961 At
617 2897 788 2981 participio
817 2897 938 2976 excita,
974 2917 1039 2961 nou
1074 2897 1123 2961 ita
1157 2896 1239 2961 mul·

140 3017 210 3077 tum
242 3012 449 3077 tribuendum
482 3016 550 3091 est,
602 3031 700 3094 quum
736 3010 920 3094 saepissime
949 3009 1138 3090 Lucretius,
1183 3011 1261 3104 qni*

139 3146 215 3191 raro
237 3125 370 3191 verbum
393 3124 580 3204 consistere,
612 3123 640 3187 si
661 3121 838 3206 significat:
875 3121 1028 3187 besteheu
1060 3143 1134 3203 aus,
1166 3143 1240 3188 oum

139 3239 207 3305 solo
230 3220 391 3318 Ablativc,
414 3236 532 3301 omissa
553 3233 806 3318 praepositione,
829 3233 1006 3318 coniungit,
1032 3234 1239 3319 participium

141 3349 241 3414 addat
262 3349 305 3430 ll,
328 3351 389 3413 906
413 3345 523 3412 mollia
544 3345 674 3410 mortali
697 3345 871 3409 consistere
893 3364 1025 3429 corpore
1047 3351 1146 3411 creta.

224 3459 344 3545 Negari
370 3462 479 3523 tamen
509 3478 573 3522 666
604 3459 726 3540 potest,
758 3474 885 3520 versum
913 3455 946 3518 in
975 3455 1152 3523 codicibus:
1191 3457 1240 3522 Ex

140 3572 332 3658 imaginibus
354 3572 458 3636 missis
480 3569 655 3635 consistere
683 3589 807 3647 rerum,
839 3568 993 3652 scriptum
1024 3589 1044 3633 a
1079 3572 1241 3635 sententia

140 3686 259 3770 optime
281 3684 355 3749 huic
376 3684 446 3749 loco
469 3682 648 3748 convenire.
693 3681 789 3745 Metri
819 3685 927 3747 autem
956 3702 1055 3748 causa
1076 3682 1241 3749 leuissima

138 3795 242 3862 Lotzii
264 3794 447 3860 coniectura
468 3791 637 3878 probanda
657 3791 794 3856 videtur.

289 3908 345 3989 IV,
372 3911 433 3972 130
456 3907 515 3971 hoo
537 3905 625 3972 06616
648 3905 704 3989 qui
726 3904 845 3970 dicitur
866 3923 939 3969 661.’

223 4020 366 4086 Isidorus
393 4020 449 4104 qui
479 4020 539 4085 hoo
566 4040 658 4085 versu
681 4019 784 4084 utitur
807 4017 892 4103 Orig.
915 4017 1006 4096 XIII,
1029 4022 1059 4097 4,
1082 4020 1101 4080 3
1124 4015 1239 4082 habet:

140 4132 322 4214 Lucretius,
353 4133 486 4199 Caelum
515 4133 601 4216 quod
624 4132 742 4198 dicitur
765 4152 830 4196 aer.
875 4130 913 4195 Id
934 4135 1049 4195 contra
1071 4133 1240 4194 consuetu-

138 4243 248 4309 dinem
269 4243 409 4309 Lucretii
431 4264 500 4310 6666
522 4242 748 4309 Lachmanuus
770 4242 849 4308 dicit
871 4240 912 4305 ad
941 4241 960 4305 l.
980 4240 1045 4320 Ill,
1069 4263 1096 4305 v.
1114 4244 1154 4304 94
1184 4240 1239 4305 ubi

137 4356 298 4440 scriptura
319 4354 480 4420 codicum:
722 4350 723 4353 '
