3117 5134
1623 405 1665 467 8

538 591 770 678 quibus
812 591 1027 658 valeat
1068 597 1348 657 mentem
1393 611 1627 657 vexare
1669 589 1889 656 mariti
1905 640 1922 668 ,
1983 586 2141 654 Inde
2184 587 2383 656 animi
2427 587 2632 674 caligo
2673 560 2766 654 et·

537 725 776 790 magna
819 703 1053 770 oblivio
1097 725 1313 770 rerum
1330 753 1346 784 ,
1406 724 1568 787 quas
1611 703 1801 770 modo
1844 702 2111 788 gessisti.
2198 702 2439 768 Tamen
2484 701 2604 768 hoc
2646 707 2743 768 to-

537 818 804 885 lerabile
846 818 900 883 si
946 839 1074 883 non
1118 817 1204 883 Et
1245 816 1459 882 furere
1501 815 1777 900 incipias
1819 820 1894 880 ut
1936 815 2291 882 avunculus
2327 815 2439 881 ille
2468 815 2742 882 Neronis

536 936 656 998 etc.
704 931 785 997 cf.
831 929 1043 995 Plaut.
1091 927 1410 1013 Amphitr.
1451 929 1563 1009 IV,
1609 932 1670 1005 3,
1724 932 1821 993 10.

707 1152 802 1219 Ac
862 1151 942 1217 de
994 1151 1129 1217 vita
1181 1155 1411 1236 poetae
1454 1150 1615 1216 haec
1659 1149 2024 1234 exposuisse
2070 1147 2371 1216 sufficiat:
2445 1154 2744 1233 poemata

535 1284 686 1330 vero
730 1263 813 1329 ab
857 1262 996 1348 ipso
1040 1267 1302 1328 auctore
1347 1260 1648 1328 absoluta
1690 1265 1756 1327 et
1798 1261 2025 1326 limata
2054 1281 2184 1326 non
2216 1281 2353 1327 esse
2383 1261 2583 1327 cuivis
2613 1282 2744 1346 qua

534 1394 656 1459 par
700 1376 799 1438 est
843 1370 1180 1456 diligentia
1222 1370 1462 1454 legenti
1503 1374 1705 1454 patet.
1793 1370 2140 1435 Praeterea
2181 1369 2249 1435 id
2290 1375 2599 1437 testatum
2643 1392 2744 1437 re·

516 1482 726 1567 liquit
769 1482 1198 1566 Hieronymus
1242 1481 1311 1545 in
1345 1478 1662 1546 Chronico
1706 1480 1816 1564 qui
1845 1481 2215 1546 Lucretium
2257 1481 2503 1566 aliquot
2546 1482 2744 1550 libros

537 1613 654 1677 per
697 1591 1041 1659 intervalla
1084 1591 1375 1657 insaniae
1419 1591 1871 1676 conscripsisse
1915 1590 2091 1671 dicit,
2140 1612 2338 1676 „quos
2382 1596 2608 1677 postea
2642 1593 2745 1659 Ci-

535 1727 681 1772 cero
710 1705 1138 1772 emendavit.“
1228 1704 1390 1771 Uter
1419 1711 1639 1772 autem
1669 1705 2046 1771 Ciceronum
2091 1707 2382 1771 carmina
2422 1707 2490 1771 in
2534 1705 2743 1773 lucem

535 1818 893 1905 prodiderit
917 1870 932 1900 ,
1006 1818 1300 1884 homines
1359 1818 1534 1885 docti
1591 1839 1717 1883 non
1772 1817 2201 1884 consentiunt.
2289 1818 2746 1904 Bernhardyus

538 1932 752 2010 (Rom.
798 1931 1372 2014 Litteraturgesch.
1421 1954 1484 2016 p.
1535 1935 1663 1997 510
1706 1936 1838 1996 not.
1876 1934 2027 2009 398)
2094 1929 2331 2013 aliique
2396 1951 2475 1996 ex
2540 1931 2746 1998 literis

538 2065 756 2111 mense
801 2043 1153 2112 Februario
1198 2044 1350 2109 anni
1397 2048 1524 2109 700
1566 2043 1649 2109 ad
1696 2044 2008 2123 Quintum
2051 2041 2321 2108 fratrem
2363 2043 2534 2109 datis
2586 2045 2746 2110 satis

544 2154 972 2221 demonstrari
1012 2159 1247 2239 putant
1267 2205 1282 2235 ,
1329 2155 1639 2233 Quintum
1686 2153 2056 2220 Ciceronem
2077 2204 2093 2234 ‚
2150 2153 2477 2220 hominem
2517 2154 2747 2221 studiis

538 2265 804 2350 poeticis
849 2265 1141 2332 deditum
1182 2285 1390 2349 neque
1431 2286 1473 2331 a
1508 2266 1919 2352 philosophia
1949 2266 2249 2346 alienum,
2293 2267 2578 2333 Lucretii
2607 2288 2745 2333 car-
2817 2302 2821 2306 ·

539 2377 719 2442 mina
762 2376 1153 2442 emendasse.
1243 2375 1557 2460 Equidem
1604 2376 1727 2442 etsi
1771 2376 1850 2442 de
1895 2376 2134 2455 Quinto
2180 2376 2484 2444 Cicerone
2512 2377 2746 2446 Lucre·

540 2487 618 2553 tii
661 2489 1020 2554 carminum
1079 2487 1492 2553 emendatore
1552 2488 1831 2555 concedo
1855 2539 1871 2569 ,
1946 2494 2166 2555 tamen
2225 2510 2306 2555 ex
2359 2488 2601 2556 verbis:
2676 2498 2747 2554 ut

539 2599 760 2664 scribis
781 2647 800 2676 ,
876 2598 1043 2664 nihil
1102 2599 1263 2664 certi
1321 2595 1482 2663 effici
1539 2619 1724 2683 posse
1774 2604 1951 2684 puto.
2043 2599 2210 2678 Quid
2255 2601 2428 2665 enim
2470 2621 2608 2666 rem
2650 2601 2745 2667 ita

538 2712 712 2796 apud
756 2711 1045 2777 animum
1087 2709 1438 2776 informare
1483 2732 1604 2777 nos
1644 2711 1942 2796 impedit,
2015 2711 2327 2791 Quintum
2370 2711 2743 2780 Ciceronem

538 2823 921 2909 comperisse
946 2873 962 2903 ,
1036 2822 1306 2889 fratrem
1347 2824 1416 2890 in
1460 2823 1744 2890 Lucretii
1788 2826 2105 2910 poematis
2147 2824 2565 2893 emendandis
2605 2845 2743 2891 ver-

540 2935 688 3015 sari,
733 2955 812 3000 ac
854 2934 1086 3000 deinde
1132 2938 1319 3000 suum
1363 2935 1442 3000 de
1472 2936 1771 3002 Lucretio
1814 2935 2122 3002 iudicium
2159 2956 2306 3001 cum
2341 2934 2545 3002 fratre
2574 2957 2746 3004 com·

533 3046 916 3125 municasse,
961 3046 1064 3111 cui
1095 3045 1352 3112 Marcus
1395 3047 1609 3131 (epist.
1655 3046 1739 3113 ad
1785 3047 2001 3127 Quint.
2035 3047 2219 3113 fratr.
2268 3053 2326 3129 2,
2378 3053 2484 3130 11)
2530 3070 2744 3116 assen-

539 3159 744 3224 titur?
831 3157 1188 3239 MunroiuS,
1231 3158 1343 3242 qui
1372 3157 1665 3224 Marcum
1696 3157 2071 3225 Ciceronem
2101 3160 2387 3226 Lucretii
2430 3160 2742 3228 editorem

535 3293 674 3339 esse
718 3271 1008 3338 evincere
1053 3270 1289 3351 studet,
1332 3271 1488 3356 ipsis
1531 3253 1906 3356 Hieronymi
1947 3270 2158 3337 verbis
2200 3273 2603 3357 potissimum
2645 3276 2743 3340 ni-

534 3383 698 3449 titur
720 3433 736 3464 ,
810 3404 1000 3467 quem
1060 3382 1146 3448 M.
1193 3382 1566 3449 Ciceronem
1621 3384 1660 3448 L
1709 3405 1762 3449 c.
1810 3383 2021 3450 dicere
2075 3383 2181 3449 vix
2236 3385 2456 3469 negari
2506 3390 2740 3471 potest.

536 3493 632 3560 De
678 3493 915 3573 Quinto
959 3493 1130 3559 enim
1175 3494 1530 3561 carminum
1573 3494 1857 3561 Lucretii
1900 3495 2314 3562 emendatore
2358 3516 2496 3562 rem
2538 3498 2634 3563 ita
2675 3498 2742 3564 in

536 3605 763 3688 vulgus
805 3609 1028 3670 notam
1072 3602 1268 3670 fuisse
1291 3655 1306 3685 ,
1374 3610 1448 3670 ut
1500 3604 1665 3670 nihil
1710 3625 1871 3689 opus
1915 3610 2084 3670 esset
2106 3655 2123 3687 ‚
2198 3611 2272 3672 ut
2315 3606 2743 3695 Hieronymus

538 3717 862 3783 Ciceronis
905 3735 1292 3801 praenomen
1338 3722 1622 3802 poneret,
1664 3716 1962 3802 equidem
1992 3717 2408 3786 Lachmanno
2451 3741 2579 3786 non
2608 3741 2742 3788 cre-

537 3829 829 3896 diderim.
920 3828 1161 3894 Attulit
1199 3833 1537 3914 praeterea
1579 3829 1912 3896 Munroius
1954 3829 2199 3911 locum,
2260 3851 2387 3914 quo
2432 3852 2612 3898 suam
2659 3833 2741 3900 de

545 3942 819 4008 Lucretii
863 3941 1107 4008 editore
1151 3944 1533 4009 sententiam
1578 3942 2008 4025 confirmaret,
2053 3965 2089 4010 e
2119 3943 2315 4009 Plinii
2343 3944 2592 4029 epistol.
2619 3945 2740 4028 111,

541 4066 607 4122 5:
657 4058 830 4123 Petis
872 4062 947 4123 ut
988 4056 1240 4124 libellos
1282 4062 1428 4123 tuos
1471 4057 1540 4122 in
1585 4077 1836 4124 secessu
1866 4057 2096 4142 legam,
2139 4057 2626 4144 examinemque
2652 4081 2740 4126 an

537 4170 812 4234 editione
856 4168 988 4234 sint
1031 4167 1231 4254 digni,
1275 4167 1540 4234 adhibes
1584 4190 1826 4254 preces,
1871 4169 2133 4255 adlegas
2178 4170 2578 4256 exemplum:
2636 4192 2739 4239 ro-

537 4302 649 4366 gas
697 4282 893 4346 etiam
920 4329 937 4361 ,
1007 4282 1081 4344 ut
1123 4279 1368 4364 aliquid
1411 4278 1727 4345 subsecivi
1770 4281 2080 4365 temporis
2119 4280 2349 4347 studiis
2394 4282 2551 4349 meis
2592 4282 2739 4350 sub-
