3117 5134
802 468 841 530 12

247 651 409 724 .Grundr,
439 653 469 718 d.
499 654 579 718 riim.
601 653 790 720 Litteratur.
818 677 849 739 p.
874 657 924 719 66.
969 653 1052 720 Sunt
1079 650 1178 738 igitur
1207 652 1371 720 Alidensia

271 764 410 848 byssina,
433 785 516 849 quae
538 770 607 831 tum
627 766 695 832 fere
717 767 904 833 mulieribus
926 766 980 849 (cf.
1003 765 1083 831 Plin.
1099 767 1174 832 Nat
1192 765 1275 832 Hist.
1290 764 1311 830 l.
1327 771 1369 844 e.)

270 877 306 941 in
328 876 451 943 deliciis
472 882 575 943 erant.
620 878 672 943 Ita
693 899 734 945 ne
755 879 888 944 literula
909 878 1039 963 quidem
1060 882 1187 943 mutata
1201 877 1290 944 locus
1304 897 1370 942 ree·

271 996 313 1072 te,
335 994 373 1056 ut
396 991 519 1075 opinor,
541 1011 575 1056 se
597 991 703 1057 habet

358 1103 504 1184 Accedit,
532 1125 596 1189 quo
617 1104 743 1170 facilius
765 1103 895 1188 byssina
918 1103 1083 1170 Alidensia
1104 1103 1216 1169 audire
1238 1103 1370 1188 possint,

270 1214 357 1300 quod
386 1235 545 1299 nusquam
574 1217 609 1282 in
631 1215 768 1282 Graecia
795 1216 858 1281 nisi
886 1217 920 1282 in
943 1215 1035 1282 Elide
1056 1217 1170 1301 byssus
1191 1216 1248 1282 illa
1271 1217 1372 1302 gigni·

270 1334 332 1394 tur.
378 1328 469 1409 Quod
498 1329 684 1414 planissime
712 1329 791 1395 dicit
816 1330 994 1395 Pausanias
1018 1333 1047 1411 5,
1070 1335 1099 1411 5,
1123 1335 1159 1396 2:
1197 1326 1371 1413 θαυμάσαι
1477 1315 1481 1320 ’

271 1433 301 1505 δ’
329 1432 369 1505 άν
396 1463 448 1518 τις
476 1438 510 1507 έν
538 1444 579 1529 τῇ
604 1445 645 1529 φῇ
668 1434 784 1530 Ἠλείᾳ
812 1437 872 1530 τήν
892 1465 929 1508 τε
949 1439 1089 1527 βάσσον,
1114 1438 1168 1510 ὅτι
1190 1441 1371 1510 ἐνταῦθα

270 1548 407 1636 μόνον,
443 1547 584 1640 ἑτέρωθι
605 1553 642 1620 δέ
663 1548 811 1637 οάδαμοῦ
831 1555 890 1640 τῆς
907 1547 1062 1632 Ἑλλάδος
1083 1549 1210 1641 φάτται.

357 1663 438 1729 Cum
460 1663 577 1730 Sericis
598 1666 802 1750 componitur
828 1665 941 1750 byssus
962 1665 1057 1731 Paos.
1083 1670 1112 1745 6,
1141 1671 1191 1747 26,
1215 1671 1250 1732 4;
1288 1659 1308 1752 ἡ
1335 1663 1371 1732 δὲ

269 1769 383 1840 Ἠλεία
402 1768 491 1862 χώρα
513 1771 555 1840 τά
574 1799 612 1841 τε
633 1768 717 1842 άλλα
747 1773 837 1843 έστὶν
867 1774 901 1855 ἒς
921 1773 1071 1861 καρποὺς
1091 1772 1148 1841 καὶ
1168 1772 1227 1863 τὴν
1247 1772 1371 1860 βύσσον

271 1881 329 1968 υάχ
354 1880 473 1973 ἥκιστα
500 1883 667 1975 ἐκτρέφειν
700 1882 822 1975 άμαθή.
865 1885 924 1976 τὴν
952 1885 1012 1971 μέν
1041 1884 1080 1974 δὴ
1109 1882 1289 1971 κανναβίδα
1316 1883 1373 1952 καὶ

271 1994 360 2064 λίνον
382 1997 438 2065 καὶ
464 1995 523 2086 τὴν
548 1995 673 2084 βύσσον
696 1996 889 2086 σπείρουσιν
911 1995 1004 2078 ὅσοις
1024 1994 1044 2088 ἦ
1066 2002 1107 2088 μῆ
1127 1995 1259 2086 τρέφειν
1281 1993 1372 2064 ἐστὶν

272 2108 474 2200 ἐπιτήδειος·
512 2108 544 2179 oi
565 2108 658 2196 μίτοι
681 2113 732 2195 δέ,
764 2107 822 2201 άφ’
844 2103 889 2185 ὧν
910 2111 970 2192 τὰς
991 2111 1139 2201 ἐσθῆτας
1161 2105 1373 2178 ποιοῦσινιυί

272 2227 373 2313 Σῆρες
394 2249 423 2289 κ.
439 2249 468 2291 τ.
485 2225 516 2292 λ.
559 2226 599 2292 ol.
624 2227 739 2293 Strabo
761 2250 794 2312 p.
812 2229 889 2293 693:
913 2228 1051 2292 τοιαῦτα
1072 2224 1109 2291 δὲ
1124 2220 1236 2290 καὶτὰ
1251 2220 1372 2311 Σηρικὰ

271 2331 308 2403 dit
327 2360 424 2403 τινων
445 2337 571 2426 φλοιῶν
600 2334 789 2425 ξαινομένης
809 2332 943 2421 βύσσου.
988 2337 1015 2400 E
1037 2337 1130 2421 bysso
1154 2340 1263 2402 autem
1284 2335 1373 2401 facta

272 2456 348 2516 sunt
369 2451 518 2531 reticula,
541 2455 644 2516 vestes
666 2456 725 2517 etc.
748 2450 864 2516 Patris.
909 2450 949 2517 cf.
973 2451 1067 2516 Paus.
1090 2451 1163 2531 VII,
1187 2454 1238 2530 21,
1261 2455 1297 2514 7:
1337 2442 1373 2513 ci

270 2560 307 2628 δέ
328 2562 477 2648 γυναῖκές
498 2557 582 2629 εἰσιν
604 2558 638 2627 έν
659 2565 734 2642 ταῖς
755 2559 905 2650 Πάτραις
927 2556 1073 2651 άριθμὸν
1094 2561 1155 2645 μὲν
1175 2559 1232 2626 καὶ
1261 2558 1296 2639 ές
1324 2556 1375 2638 δίς

271 2676 338 2738 τῶν
359 2666 494 2758 άνδρῶν.
531 2666 731 2761 Ἀφροδίτης
758 2672 796 2739 δὲ
824 2667 918 2760 εἴπερ
945 2665 1062 2751 άλλαις
1088 2669 1214 2758 γυναιξὶ
1241 2671 1375 2754 μέτεστι

271 2780 328 2848 καὶ
354 2777 502 2861 ταύταις·
538 2778 613 2866 βίος
641 2781 676 2850 δὲ
702 2776 810 2848 adacio
836 2786 911 2861 ταῖς
940 2783 1084 2861 πολλαῖς
1112 2780 1202 2848 έστιν
1224 2775 1293 2847 άπὸ
1316 2783 1375 2868 τῆς

269 2892 395 2980 βύσσου
416 2899 475 2984 τῆς
497 2893 531 2962 έν
552 2898 594 2984 τῇ
612 2889 724 2962 Ἠλίδι
745 2895 923 2983 φυομένης·
947 2891 1168 2984 κεκρυφάλους
1188 2918 1224 2961 τε
1238 2892 1299 2982 γάρ
1313 2887 1373 2960 ἄπ’

271 3004 448 3098 αὐτῆςναί
469 3005 598 3097 ἐσθῆτα
619 3003 795 3096 ὑφαίνουσι
816 3005 876 3096 τὴν
896 3000 1005 3095 άλλην.

357 3120 463 3185 Patris
485 3126 593 3184 autem
623 3139 687 3203 quo
715 3118 842 3184 facilius
869 3118 1036 3185 Alidensia
1055 3120 1091 3185 in
1113 3119 1243 3185 Italiam
1264 3139 1373 3204 perve-

271 3232 357 3298 nisse
378 3236 547 3316 putemus,
582 3232 617 3296 ll.
643 3231 748 3297 Curtii
768 3231 867 3297 verba
888 3230 1123 3316 Peloponnesos
1145 3230 1171 3310 l,
1192 3252 1223 3315 p.
1240 3234 1301 3296 435
1324 3234 1373 3295 at

271 3342 348 3408 tuli:
387 3343 499 3408 Patrai
526 3343 569 3408 ist
599 3342 658 3408 der
686 3342 869 3408 natdrliohe
898 3340 1057 3407 Hafenort
1086 3340 1153 3406 und
1175 3340 1373 3426 Stapelplatz

271 3457 328 3522 des
349 3454 534 3521 westliohen
556 3455 804 3540 Peloponnesos,
841 3475 875 3519 es
900 3455 943 3519 ist
969 3474 1051 3537 ganz
1078 3452 1161 3519 dazu
1183 3451 1373 3537 geschaffen,

275 3569 327 3635 die
349 3567 507 3633 Produote
530 3566 780 3632 Grieohenlands
802 3566 886 3632 nach
907 3565 971 3630 den
991 3564 1162 3631 italisohen
1183 3564 1312 3631 Meeren
1333 3587 1372 3630 zu

273 3682 400 3749 frihren.
445 3679 595 3745 Ceterum
617 3685 744 3744 tantam
765 3679 858 3745 nobis
879 3679 1061 3746 commercii
1081 3684 1115 3744 et
1128 3678 1373 3743 manufacturae

272 3795 330 3877 (sit
351 3791 444 3857 venia
464 3790 578 3876 verbo)
609 3792 804 3857 industriam
833 3792 1011 3858 Pausanias
1041 3791 1062 3856 l.
1085 3812 1112 3857 c.
1136 3791 1228 3857 nobis
1256 3790 1374 3858 deseri·

271 3907 328 3988 bit,
350 3903 461 3970 utrix
484 3901 635 3969 credibile
657 3904 709 3985 sit,
731 3903 855 3970 nullum
877 3904 945 3969 eius
966 3903 1136 3987 vestigium
1158 3903 1201 3969 ad
1223 3923 1281 3969 nos
1301 3924 1373 3988 per·

271 4021 404 4087 venisse.
861 4030 866 4039 '

357 4132 405 4198 Eo
427 4134 536 4196 autem
558 4127 638 4209 loco,
660 4148 755 4211 quem
771 4127 904 4193 Curtius
919 4127 1027 4212 Pelop.
1050 4127 1093 4208 ΙΙ,
1117 4131 1157 4192 95
1179 4148 1220 4193 ex
1242 4128 1373 4194 Ezechi-

273 4245 332 4311 elis
350 4244 431 4310 libro
454 4241 582 4320 attulit,
610 4240 757 4325 inprimis
779 4244 829 4305 est
849 4238 1024 4305 tenendum
1046 4246 1130 4324 (cap.
1154 4243 1204 4320 27,
1228 4244 1277 4322 2),
1308 4261 1373 4307 non

273 4359 326 4445 agi
348 4357 389 4423 de
411 4376 486 4422 suoo
508 4353 686 4435 insectere,
723 4353 779 4418 sed
808 4352 849 4417 de
877 4352 1076 4418 vestimentis
1096 4375 1242 4440 purpura
1263 4355 1374 4421 tinctis
