3117 5134
865 474 907 536 22

333 659 474 726 semiferi
496 659 653 743 Gortynia
674 664 761 724 tecta
783 659 924 737 iuvenci;
962 658 1080 736 XXIX,
1104 663 1122 722 6
1152 678 1232 741 quos
1257 677 1354 740 neque
1379 655 1436 720 fri·

333 770 463 855 goribus
485 771 614 865 Boreas,
638 791 696 836 nec
719 771 821 837 Sirius
843 772 923 851 urit;
954 771 1101 850 XXXIV,
1125 775 1164 835 33
1189 775 1220 834 te
1243 790 1340 852 neque
1362 765 1435 832 Dic-

333 889 424 948 taeas
453 882 602 966 quatiens
631 882 807 966 mugitibus
835 882 945 962 urhes3
989 883 1119 963 XXXV,
1147 885 1206 947 241
1236 881 1310 948 Jam
1339 901 1436 963 neque

332 992 516 1059 Partheniis
544 993 707 1058 innectere
734 993 834 1073 retia,
872 993 985 1072 XLIV,
1009 997 1049 1057 23
1078 992 1140 1057 Hic
1166 1015 1263 1077 neque
1284 995 1436 1075 concepto

333 1105 411 1185 fetu,
434 1125 492 1169 nec
515 1105 636 1170 semine
659 1106 771 1188 surgit.
817 1107 926 1190 Neque
948 1105 1031 1169 enim
1053 1104 1207 1171 habetur:
1229 1105 1268 1184 V,
1292 1110 1309 1167 7
1332 1122 1436 1188 neque

334 1216 439 1296 enim;
479 1216 603 1297 XVIII,
633 1221 672 1282 63
701 1239 806 1301 neque
834 1218 935 1298 enim;
973 1217 1083 1298 XXII,
1114 1221 1174 1282 148
1202 1237 1306 1301 neque
1334 1215 1435 1298 enim3

335 1326 452 1406 XXVI,
477 1331 538 1391 614
560 1347 665 1411 neque
687 1329 789 1410 enim3
813 1327 927 1407 XLIX,
952 1332 970 1392 9
993 1326 1214 1411 nequeenim.

419 1437 647 1503 Lachmannus
669 1439 815 1524 regulam
836 1439 876 1505 de
898 1439 959 1505 hoc
990 1439 1223 1505 coniunctionis
1252 1460 1349 1522 neque
1376 1456 1437 1501 usu

335 1550 497 1615 constanti
526 1550 623 1615 etiam
646 1550 809 1635 pertinere
831 1550 901 1614 vult
922 1549 964 1614 ad
987 1550 1161 1615 secundum
1184 1569 1295 1615 versus
1317 1545 1437 1613 heroici

336 1662 463 1746 pedem,
484 1683 584 1746 quare
608 1684 636 1727 v.
654 1667 716 1728 853
738 1662 813 1728 libri
835 1663 924 1728 tertii
946 1668 1047 1742 recte,
1070 1668 1106 1728 ut
1128 1662 1256 1747 opinor,
1279 1660 1435 1726 restituit:

337 1773 398 1852 Qui
420 1773 540 1838 fuimus
562 1796 660 1859 neque
681 1773 747 1839 iam
770 1783 830 1839 etc.
877 1773 1037 1857 Regulae,
1074 1795 1172 1859 quam
1193 1774 1238 1839 ibi
1262 1773 1437 1853 constituit,

336 1890 465 1968 praeter
487 1884 542 1964 IV,
566 1889 637 1963 357,
661 1905 755 1968 quem
778 1885 846 1969 ipse
868 1884 988 1965 attulit,
1011 1891 1171 1969 repugnat
1184 1885 1284 1949 etiam
1299 1884 1358 1963 Ill,
1375 1888 1436 1948 989

272 2071 273 2074 ¹
336 1995 515 2074 Sentimus,
554 2017 609 2059 nec
629 1995 721 2079 priva
742 1995 862 2080 pedum
884 1999 967 2076 eta,
1003 1996 1057 2063 ubi
1088 1996 1263 2062 secondum
1292 1995 1437 2080 regulam

336 2108 654 2175 Lachmannianam:
679 2107 843 2175 Sentimus
864 2129 968 2193 neque
990 2110 1083 2194 priva
1104 2115 1165 2175 etc.

381 2200 385 2207 ⁵
422 2222 543 2288 Similis
564 2220 631 2287 fere
654 2221 740 2306 apud
762 2221 949 2287 Lucretium
970 2221 1055 2286 ratio
1084 2228 1134 2287 est
1159 2220 1308 2287 vocabuli
1328 2222 1435 2297 donoc,

337 2332 428 2397 cuius
448 2330 568 2397 forma:
606 2332 740 2417 donique
761 2339 838 2414 ante
860 2332 986 2399 vocales
1013 2338 1142 2398 tantum
1167 2338 1358 2417 usurpatur:
1395 2332 1437 2412 II,

340 2447 420 2507 1116
442 2442 582 2526 donique
603 2442 662 2522 ad;
690 2443 727 2521 V,
751 2447 813 2507 706
837 2442 976 2526 donique
999 2463 1089 2523 eum,
1113 2448 1174 2509 723
1197 2443 1334 2529 donique
1357 2463 1438 2524 eam,

339 2557 400 2618 995
430 2553 570 2637 donique
602 2575 666 2635 eos.
711 2553 751 2621 cf.
783 2554 876 2621 Lucr.
907 2555 954 2637 Π,
985 2560 1068 2621 1130
1104 2556 1244 2642 donique
1280 2554 1440 2622 alescendi

338 2662 469 2728 Laehm.
491 2686 523 2749 p.
550 2669 617 2729 140.

423 2774 461 2853 V,
486 2777 565 2840 154:
611 2773 764 2840 sedes-
789 2774 908 2841 nostris
931 2773 1060 2842 sedibus
1081 2796 1150 2842 esse

612 2887 791 2954 Dissimiles
812 2888 930 2955 debent
950 2893 1079 2954 tenuest
1100 2889 1127 2954 si
1149 2886 1257 2973 corpu’
1279 2887 1412 2953 deorum

338 2999 384 3063 sic
406 3000 621 3085 audacissima
650 3002 835 3067 coniectura
861 3001 1000 3065 mutavit
1028 3000 1256 3066 Lachmannus
1284 2999 1439 3066 traditam

337 3106 370 3171 in
394 3107 484 3173 codd.
507 3109 693 3175 lectionem:
718 3116 830 3175 tenues
852 3111 892 3175 de
908 3132 1041 3195 corpore
1057 3131 1176 3176 eorum.
1220 3111 1335 3194 ltaque
1353 3115 1440 3176 recte

338 3224 376 3284 ut
397 3219 511 3304 opinor
534 3221 700 3288 Munroius
722 3222 915 3289 Lambinnm
938 3229 1065 3289 secutus
1087 3223 1231 3308 scripsit:
1256 3229 1367 3289 tenues
1380 3244 1439 3308 pro

339 3353 472 3417 corpore
494 3354 615 3399 eorum.
658 3334 793 3400 Accedit
821 3335 920 3400 etiam
948 3334 1038 3400 aliud
1067 3356 1124 3400 cur
1145 3334 1345 3400 Lachmanni
1366 3355 1440 3400 con·

337 3444 462 3511 iectura
483 3446 561 3512 ferri
583 3470 648 3514 non
670 3448 782 3533 possit.

423 3558 556 3625 Veteres
578 3559 663 3624 enim
685 3565 760 3625 ante
783 3560 969 3625 Lucretium
989 3565 1113 3644 poetae,
1135 3559 1196 3625 etsi
1212 3558 1339 3643 saepius
1354 3580 1370 3623 s
1383 3579 1439 3624 no·

340 3669 487 3735 minativi
509 3671 783 3737 substantivorum
805 3674 921 3738 tertiae
943 3672 1169 3738 declinationis
1197 3679 1347 3737 truncare
1370 3671 1441 3737 ausi

338 3785 414 3846 sunt
437 3783 536 3857 (velut
551 3782 654 3849 Varro
677 3805 728 3869 ap.
745 3786 884 3852 Nonium
907 3807 938 3869 p.
957 3789 1018 3850 379
1041 3785 1115 3850 Non
1129 3782 1168 3849 fit
1181 3782 1351 3863 thesauris,
1374 3803 1439 3849 non

338 3915 418 3960 auro
440 3894 545 3979 pectu'
569 3893 717 3960 solutum.
763 3896 889 3961 Ennius
911 3894 1026 3961 honal.
1052 3900 1100 3960 10.
1137 3894 1207 3959 Ova
1228 3894 1336 3977 parire
1359 3893 1441 3959 solet

338 4004 432 4091 genu'
454 4005 569 4090 pennis
590 4005 863 4089 condecoratum),
885 4005 1053 4072 Lucretius
1073 4011 1184 4069 tamen
1205 4002 1267 4068 hac
1288 4002 1440 4069 libertate

337 4120 503 4186 abstinuit.
548 4120 661 4204 Neque
681 4118 756 4205 Iapi’
780 4141 916 4206 cumque
939 4120 1018 4199 viai,
1041 4117 1127 4202 quod
1149 4116 1286 4182 coniecit
1307 4115 1438 4182 Lachm.

339 4230 394 4310 Vl,
415 4234 479 4294 550
502 4229 580 4313 quid
603 4249 701 4314 quam
722 4230 820 4297 habet
842 4228 1088 4315 probabilitatis.
1133 4226 1302 4293 Munroius
1315 4229 1370 4312 qui
1385 4227 1440 4293 de·

340 4341 405 4409 dit:
442 4363 502 4408 nec
523 4343 628 4409 minus
648 4343 818 4426 exultant,
848 4362 980 4428 scrupus
1007 4340 1200 4425 quicumque
1229 4338 1308 4420 viai,
1342 4338 1438 4404 vidit:
