3117 5134
728 528 731 539 .
833 480 855 539 4

291 681 356 746 qua
378 683 418 728 ex
440 682 475 727 re
497 661 633 745 intelligi
647 664 762 746 potest,
787 661 886 726 Stoici
902 682 959 726 cur
974 660 1175 726 Heraclitum
1189 660 1391 744 potissimum

290 770 391 838 secuti
418 772 491 837 sint
550 771 724 837 Democriti
752 793 828 838 vero
857 771 1091 856 philosophiam
1127 771 1278 848 describi
1297 791 1390 837 nemo

290 881 498 963 infitiabitur,
535 884 590 967 qui
619 883 758 948 relatum
780 884 866 967 leget
886 904 960 949 eum
981 903 1157 969 numquam
1179 884 1247 949 sine
1269 885 1337 948 risu
1358 883 1392 946 in

289 995 418 1081 publico
440 995 547 1064 fuisse.
592 995 689 1062 Ridet
712 1000 822 1061 autem
844 995 966 1072 enimc,
990 1002 1028 1060 ut
1048 997 1096 1061 ita
1110 995 1216 1062 dicam
1230 1001 1299 1061 tum
1314 995 1391 1076 fere,

289 1130 389 1194 quum
411 1109 462 1175 sui
483 1129 611 1193 compos
633 1129 667 1174 se
688 1109 759 1193 ipsa
780 1129 890 1174 rerum
912 1108 1076 1174 dominam
1093 1109 1192 1175 sentit
1206 1116 1240 1175 et
1254 1109 1315 1175 sibi
1329 1129 1391 1191 res,

289 1238 354 1283 non
377 1237 411 1283 se
433 1217 529 1284 rebus
551 1216 724 1302 subiungit.
770 1217 891 1297 Quodsi
913 1238 1024 1283 verum
1046 1222 1116 1298 est,
1153 1218 1217 1283 iam
1247 1217 1391 1283 videmus

288 1349 419 1414 prorsus
441 1331 619 1396 consentire
640 1330 725 1395 hanc
748 1330 952 1414 disciplinam
973 1352 1047 1396 cum
1061 1330 1211 1415 Epicuro,
1233 1353 1328 1415 quern
1343 1333 1391 1398 ni-

288 1442 336 1509 hil
362 1442 429 1509 fere
457 1444 532 1508 novi
559 1442 706 1509 attulisse
735 1441 846 1508 multis
868 1443 1065 1526 argumentis
1086 1442 1299 1510 demonstrari
1320 1448 1391 1528 pot

289 1562 347 1623 eet.

375 1671 420 1735 Ac
441 1668 581 1754 primum
603 1667 733 1751 quidem
756 1665 976 1732 Democritum
997 1668 1031 1733 in
1051 1669 1148 1736 rebus
1162 1668 1301 1754 physicis
1316 1687 1391 1734 eno·

288 1778 403 1845 dandis
425 1801 490 1846 non
511 1778 690 1845 substitisse
712 1778 792 1844 satis
812 1783 903 1862 patet
924 1798 965 1843 ex
987 1777 1093 1843 indice
1114 1777 1283 1858 librorum,
1310 1795 1391 1861 quos

289 1891 491 1959 Democritus
511 1891 631 1958 multos
652 1891 851 1975 conscripsit,
874 1889 1052 1975 aDiogene
1067 1890 1197 1956 Laertio
1219 1894 1248 1969 9,
1271 1895 1311 1954 47
1334 1910 1391 1954 no·

175 2018 179 2024 “
285 2006 336 2072 bis
358 2005 496 2088 tradito,
524 2027 587 2090 quo
609 2005 643 2070 in
666 2025 802 2071 numero
824 2004 979 2071 librorum
1000 2002 1040 2070 de
1061 2003 1202 2083 musica,
1231 2002 1271 2067 de
1292 2002 1390 2087 poesi,

288 2117 328 2184 de
349 2117 422 2183 aliis
443 2117 539 2184 rebus
561 2116 826 2201 compositorum,
856 2119 1069 2181 numerantur
1090 2115 1189 2180 etiam
1211 2113 1251 2179 de
1272 2112 1390 2179 affectu

285 2227 462 2311 sapientis,
499 2226 539 2291 de
568 2224 735 2293 sedatione
763 2227 864 2292 animi
893 2226 978 2293 libri.
1022 2226 1156 2292 Accedit
1184 2225 1271 2311 quod
1298 2225 1388 2310 Diog.

286 2338 393 2404 Laert.
420 2342 469 2418 10,
492 2341 510 2402 2
533 2343 689 2404 testatum
711 2338 852 2422 reliquit,
875 2337 1051 2423 Epicurum
1071 2334 1213 2420 legendis
1229 2333 1391 2400 Democri·

286 2451 313 2516 ti
334 2449 426 2516 libris
448 2449 491 2516 ad
511 2448 748 2536 philosophiam
771 2449 947 2535 impulsum
969 2470 1048 2515 esse.
1093 2449 1156 2516 Vix
1179 2453 1287 2514 autem
1302 2445 1391 2513 credi

287 2566 394 2646 potest
414 2561 590 2646 Epicurum
612 2561 752 2648 physicis
780 2584 861 2648 quos
888 2561 1061 2648 spernebat
1081 2561 1174 2627 libris
1195 2561 1243 2627 ita
1264 2558 1390 2626 inflam-

287 2677 410 2738 matum
439 2693 525 2755 esse,
562 2680 599 2740 ut
620 2675 662 2740 ad
685 2674 922 2760 philosophiam
945 2696 979 2742 se
1001 2678 1209 2740 conuerteret.
1255 2671 1390 2757 Singula

286 2786 547 2870 quoque‘multa,
570 2806 654 2872 quae
676 2787 715 2853 de
739 2787 914 2854 Democriti
935 2787 1139 2874 philosophia
1161 2784 1283 2853 tradita
1306 2790 1389 2865 sunt,

266 2898 364 2968 ⁴satis
393 2897 618 2965 demonstrant
645 2921 804 2966 summam
831 2902 966 2968 rationis
987 2902 1165 2987 Epicureae
1185 2899 1252 2964 iam
1274 2897 1390 2964 Demo·

285 3010 359 3075 criti
388 3009 518 3094 placitis
545 3014 711 3079 contineri.
756 3014 819 3080 Hic
847 3016 934 3080 enim
962 3014 1145 3099 praecepit,
1182 3017 1219 3078 ut
1240 3010 1390 3078 libidines

286 3119 486 3187 continentia
507 3126 540 3187 et
560 3123 782 3191 moderatione
799 3124 952 3215 ‘domitas
980 3124 1191 3205 haberemus,
1228 3122 1389 3203 nimirum,

286 3253 327 3297 ne
350 3232 449 3298 animi
470 3236 692 3320 tranquillitas
721 3258 834 3303 earum
862 3236 1012 3322 procellis
1033 3241 1241 3303 everteretur.
1286 3235 1390 3316 Quid?

286 3342 372 3427 quod
393 3343 421 3409 is
442 3344 566 3427 primus
587 3353 717 3431 praeter
739 3347 935 3415 Graecorum
964 3368 1085 3414 morem
1115 3348 1225 3415 docuit
1246 3348 1389 3414 animum

286 3459 320 3521 et
339 3474 360 3519 a
380 3454 518 3539 publicis
539 3462 573 3523 et
595 3459 770 3544 aprivatis
791 3460 887 3528 rebus
902 3460 1126 3527 abducendum
1142 3481 1220 3542 esse,
1242 3467 1280 3528 ut
1301 3467 1389 3527 tran-

286 3565 421 3651 quillam
442 3566 542 3633 vitam
564 3569 679 3654 degere
702 3591 876 3657 possemus,
900 3571 933 3637 id
948 3572 1033 3657 quod
1048 3571 1180 3657 Epicuri
1201 3572 1282 3638 illud
1303 3567 1390 3637 λάθε

285 3674 411 3764 βιώσας
433 3700 490 3745 nos
511 3683 764 3750 commonefacit.
808 3686 847 3750 In
876 3686 1016 3770 physicis
1043 3705 1117 3752 vero
1139 3686 1313 3771 Epicurum
1342 3693 1390 3753 to·

286 3796 356 3855 tum
378 3810 419 3855 ex
441 3790 624 3857 Democrito
646 3793 787 3878 pendere
808 3800 952 3883 constat,
987 3797 1048 3862 etsi
1069 3797 1104 3863 in
1126 3799 1238 3883 paucis
1261 3799 1390 3883 quibus·

287 3900 362 3967 dam
384 3901 501 3984 rebus,
533 3908 571 3969 ut
592 3903 625 3968 in
646 3904 704 3970 illa
725 3903 765 3972 de
788 3907 905 3972 atomis
926 3906 1097 3988 doctrina,
1134 3909 1176 3976 ab
1198 3930 1236 3976 eo
1258 3909 1389 3990 recedit,

286 4035 370 4099 quae
391 4015 529 4101 quidem.
542 4037 594 4082 res
614 4017 784 4102 pueriliter
805 4018 883 4085 ficta
907 4020 973 4087 iam
995 4023 1175 4108 antiquitus
1196 4024 1310 4092 habita
1330 4031 1388 4090 est.
1416 4102 1418 4113 ,

372 4128 487 4214 itaque
509 4128 691 4196 Aristotelis
713 4129 753 4196 de
775 4132 918 4225 Epururo
936 4134 1107 4217 iudicium,
1140 4159 1203 4221 quo
1224 4138 1311 4204 hunc
1334 4157 1389 4203 ne·
1405 4119 1557 4215 diceres,

287 4242 344 4322 gat
363 4240 565 4324 spectavisse,
588 4261 652 4325 quo
675 4240 809 4308 consilio
832 4249 864 4309 et
885 4245 920 4309 in
942 4266 1035 4329 quem
1059 4246 1156 4313 finem
1178 4250 1288 4315 omnia
1302 4269 1390 4316 crea·
1524 4269 1530 4277 ·

286 4355 323 4415 ta
344 4356 467 4434 essent,
488 4352 561 4438 plus
583 4354 682 4421 etiam
703 4355 743 4422 de
765 4354 904 4441 Epicuro
926 4358 1029 4443 valet,
1056 4360 1176 4446 quippe
1198 4362 1254 4446 qui
1276 4363 1386 4430 omnia
1448 4368 1457 4383 '
