3117 5134
807 476 846 536 M

273 663 346 729 dem
367 661 556 728 necessitate
578 659 782 738 defendatur,
804 660 944 744 positum
960 663 1009 725 est
1023 659 1109 744 quod
1123 658 1258 743 legimus
1270 657 1373 723 Plaut.

275 774 372 840 Poen.
394 773 454 855 111,
477 777 506 854 3,
528 776 579 837 87.
624 770 686 837 Ubi
709 775 746 835 tu
760 769 931 851 Leucadio,
954 769 1079 851 Lesbio,
1102 769 1222 849 Trosio,
1246 767 1321 848 Cdo,
1344 772 1377 833 et

276 885 366 953 Orid.
390 884 486 949 Trist.
509 882 569 964 111,
594 884 642 963 12,
666 884 685 944 2
708 879 849 964 Longior
871 880 1013 965 antiquis
1035 880 1104 945 risa
1119 878 1249 945 Maeotis
1264 877 1375 959 hiems,

275 998 360 1083 quod
383 1018 482 1082 quum
505 994 584 1062 ferri
606 1015 698 1080 posse
714 997 848 1079 negaret
861 992 1098 1073 Lachmannus,
1121 992 1201 1058 satis
1222 990 1377 1057 audacter

252 1113 323 1191 ‚ita
344 1111 491 1191 mutavit,
514 1108 570 1192 (ad
591 1108 717 1174 Lucrat.
740 1130 771 1192 p.
797 1111 868 1188 38):

403 1221 543 1304 Longior
563 1219 703 1303 intepuit
723 1219 794 1283 visa
815 1216 949 1283 Tomitis
970 1216 1081 1282 hiems.

359 1334 537 1399 Maximum
558 1336 667 1397 antem
689 1352 746 1396 cur
767 1329 966 1413 antiquiores
987 1332 1099 1412 poetas
1121 1326 1160 1392 de
1181 1327 1376 1393 Graecorum

275 1444 545 1530 appellativorum
566 1441 750 1526 quantitate
772 1440 906 1504 metrica
927 1459 993 1503 non
1022 1437 1195 1503 admodum
1223 1416 1378 1504 dollicitos

275 1558 373 1623 fuisse
395 1562 554 1641 putemus,
577 1553 685 1618 afferri
707 1553 834 1618 videtur
855 1540 948 1617 versu
969 1549 1086 1616 Lucilii
1106 1572 1137 1634 p.
1154 1555 1194 1615 89
1216 1572 1244 1615 v.
1262 1554 1303 1615 58
1325 1550 1376 1615 ed.

275 1668 430 1734 Gerlach:

404 1779 540 1845 Rhodus
562 1778 774 1864 Carpathium
801 1777 835 1842 in
857 1776 991 1862 pelagus
1012 1797 1045 1842 se
1067 1777 1204 1844 inclinat
1228 1780 1377 1861 apertum

275 1897 358 1957 etv.
381 1893 441 1957 59:

405 2002 616 2087 Carpathium
638 2022 727 2067 mare
749 2006 950 2067 transvectus
972 2000 1121 2067 coenabis
1143 1999 1260 2066 Rhodi.

362 2116 493 2183 Accedit
515 2115 601 2200 quod
622 2115 811 2194 Lucretius,
848 2114 903 2199 qui
931 2135 1056 2180 summa
1083 2119 1153 2180 arte
1175 2117 1321 2193 versatur
1342 2114 1375 2178 in

276 2228 420 2294 versibus
447 2227 623 2305 faciendis,
661 2228 694 2293 in
725 2227 858 2313 singulis
887 2232 996 2292 tamen
1026 2227 1130 2292 multa
1151 2226 1211 2292 sibi
1233 2225 1374 2291 indulsit.

276 2340 412 2425 Saepius
433 2339 485 2421 fit,
507 2345 545 2405 ut
565 2339 625 2406 sibi
647 2360 711 2404 non
734 2345 884 2405 constans
906 2340 991 2405 idem
1014 2340 1204 2406 vocabulum
1224 2345 1257 2406 et
1279 2340 1377 2406 corri-

277 2454 347 2538 piat
368 2458 401 2518 et
423 2453 589 2538 producat,
611 2458 707 2537 prout
728 2472 839 2517 versus
860 2451 1019 2536 postulat:
1043 2453 1085 2533 11,
1108 2456 1169 2518 452
1192 2452 1326 2535 fldvido,
1348 2476 1376 2517 v.

276 2571 339 2633 464
361 2566 490 2648 fluvida,
513 2590 541 2632 v.
558 2570 621 2632 466
643 2564 792 2630 fluvidus.
837 2564 862 2646 Ι,
886 2569 966 2645 349;
997 2565 1038 2645 ΙΙ,
1061 2569 1138 2644 452;
1169 2565 1229 2646 ΙΙΙ,
1252 2570 1313 2630 427
1337 2566 1378 2630 lr-

276 2677 394 2762 qnidus
421 2678 528 2759 (litera
550 2678 561 2742 i
582 2676 754 2762 producta)
784 2680 820 2740 at
841 2676 895 2754 VI,
918 2679 979 2740 205
1002 2674 1127 2759 liquida
1149 2680 1182 2741 et
1203 2675 1289 2759 quod
1311 2696 1378 2740 ma-

275 2790 399 2854 ximum
420 2794 469 2855 est
489 2790 543 2870 IV,
571 2794 649 2854 1251
675 2810 846 2873 crassaque
867 2789 1063 2855 conveniunt
1082 2786 1213 2873 liquidis
1233 2794 1267 2854 et
1280 2787 1379 2873 ltqui-

276 2901 319 2968 da
340 2902 464 2967 crassis.
509 2900 732 2982 Substantim,
768 2901 854 2985 quod
876 2905 926 2966 est
947 2901 1067 2985 liquor,
1100 2921 1226 2986 semper
1247 2901 1259 2965 i
1280 2901 1377 2966 litera

278 3017 427 3097 correpta
449 3012 565 3078 utitur:
590 3012 615 3092 Ι,
639 3017 711 3093 713,
735 3017 807 3092 771,
831 3017 903 3078 864.
927 3017 999 3093 938,
1025 3017 1120 3095 1084;
1144 3012 1186 3092 ΙΙ,
1210 3018 1281 3094 390,
1305 3017 1377 3094 398,

278 3129 356 3207 847,
379 3125 438 3206 ΙΙΙ,
465 3130 513 3206 13,
536 3129 608 3205 438,
631 3130 704 3204 440,
726 3129 806 3206 876,
829 3126 866 3205 V,
892 3130 940 3205 14,
965 3129 1036 3190 391.
1083 3126 1127 3190 Α6
1149 3129 1258 3191 tamen
1277 3145 1378 3190 unum

277 3240 385 3302 exstat
404 3236 605 3321 exemplum,
643 3257 706 3320 quo
734 3235 840 3321 liquor
861 3236 967 3322 prima
988 3237 1146 3321 producta
1167 3238 1289 3304 dictum
1311 3242 1378 3303 est:

278 3348 303 3427 Ι,
326 3352 389 3413 458
412 3348 521 3433 liquor
543 3348 657 3432 aquai,
686 3348 748 3428 ita,
772 3352 810 3412 ut
830 3347 999 3412 Luc-retius
1021 3347 1161 3429 nullam,
1184 3353 1222 3413 66
1243 3349 1378 3429 ridetur,

277 3458 421 3543 regulam
443 3459 505 3524 hac
525 3459 559 3524 in
580 3479 617 3523 re
638 3463 766 3524 secutus
789 3458 840 3522 sit.
887 3456 1027 3541 Dignum
1049 3458 1184 3527 fortasse
1206 3466 1269 3540 est,
1293 3460 1378 3546 quod

277 3577 417 3651 notetur,
439 3571 544 3637 locum
566 3571 651 3636 huno
673 3569 867 3656 singularem
891 3572 1019 3636 omnino
1040 3574 1181 3657 primum
1196 3575 1295 3640 totius
1309 3595 1378 3640 car-

278 3680 375 3745 minis
404 3701 487 3760 esse,
526 3702 589 3763 quo
619 3679 788 3745 Lucretius
818 3680 879 3746 hac
902 3704 977 3748 voce
999 3684 1112 3749 utitur·
1156 3685 1299 3750 Maxima
1321 3707 1378 3750 au-

278 3797 343 3857 tem
368 3793 413 3857 rei
436 3794 587 3858 metricae
608 3794 735 3859 incuria
756 3794 894 3861 habetur
915 3797 958 3876 11,
982 3802 1060 3862 991:
1086 3797 1231 3882 Denique
1250 3797 1378 3865 coelesti

278 3923 388 3968 sumus
411 3923 521 3969 omnes
542 3905 662 3969 semine
684 3905 827 3986 oriundi,
864 3905 920 3972 ubi
950 3908 961 3972 i
989 3907 1109 3973 vocalis
1139 3909 1187 3974 ita
1208 3908 1377 3989 delitescit,

279 4022 316 4081 ut
346 4014 501 4099 syllabam
529 4034 595 4081 nou
621 4014 788 4099 producat.
834 4015 943 4082 Etiam
972 4017 1003 4099 Ι,
1033 4022 1112 4083 36οε
1151 4039 1227 4083 nam
1258 4020 1285 4084 si
1306 4024 1378 4084 tau-

279 4126 453 4193 tumdemst
475 4125 509 4191 in
530 4126 626 4193 lanae
648 4127 792 4210 glomere
813 4134 980 4212 quantum,
1001 4129 1186 4195 Lucretium
1202 4133 1304 4195 metro
1319 4129 1378 4195 ali·

279 4237 357 4324 quid
378 4237 527 4303 tribuisse
548 4244 636 4323 puto.
680 4239 764 4304 Nam
788 4261 853 4305 non
875 4241 977 4307 solum
1000 4242 1168 4308 Lucretius
1190 4264 1316 4328 semper
1330 4244 1377 4309 di·

279 4351 339 4417 cit:
369 4349 564 4435 glomerata,
587 4340 819 4437 gldmeramen‚
842 4354 1083 4439 conglomerare
1106 4355 1159 4437 (ci.
1183 4356 1310 4422 Lucret.
1334 4355 1377 4439 11,

1548 656 1550 729 l
