3117 5134
853 436 894 497 34

320 640 351 701 p.
371 621 456 699 102).
501 618 591 682 Idem
612 617 725 682 vitium
743 618 903 683 commisit
918 617 1109 703 Bemaysius
1131 618 1186 695 IV,
1210 621 1272 682 416
1296 618 1419 683 caelum

320 736 358 795 ut
380 730 508 797 videare
529 731 636 795 videre
658 738 688 794 et
711 729 856 814 Corpora
877 729 1010 795 miraclo
1030 736 1064 795 et
1084 752 1114 814 q.
1138 752 1164 795 s.

405 843 647 909 Lachmannus:

450 957 558 1020 Aurea
578 974 739 1039 pavonum
761 952 880 1018 ridenti
900 951 1027 1019 imitata
1048 951 1155 1038 lepore

451 1067 566 1134 Saecla
586 1072 620 1132 et
639 1088 669 1150 q.
693 1088 718 1132 s.

320 1177 491 1261 legendum
513 1179 671 1263 proponit.
717 1177 778 1244 Sed
808 1199 872 1244 non
902 1183 978 1263 apte
999 1183 1102 1244 vestes
1123 1198 1303 1263 purpureae
1325 1199 1420 1263 pavc-

320 1311 396 1354 num
426 1289 531 1355 saecla
560 1292 740 1357 imitantur.
787 1293 879 1371 Quod
910 1292 994 1357 enim
1023 1292 1064 1357 dc
1091 1311 1253 1375 purpurae
1282 1291 1422 1374 quodam

322 1422 453 1484 genere,
485 1403 580 1487 quale
604 1404 684 1468 Plin.
707 1403 782 1469 Nat.
807 1405 890 1469 Hiet.
917 1409 946 1481 9,
970 1409 1019 1483 38,
1044 1407 1084 1469 62
1108 1402 1276 1483 describit,
1299 1401 1420 1486 aliquo·

321 1512 415 1579 mode
438 1514 501 1579 dici
523 1520 647 1598 potest,
676 1516 709 1581 id
732 1537 938 1601 nequaquam
961 1516 1047 1582 valet
1068 1515 1107 1583 de
1130 1537 1275 1601 purpura
1296 1516 1330 1581 in
1352 1515 1420 1579 uni·
1544 1612 1545 1615 Ἴ

320 1645 457 1691 versum.

407 1736 617 1820 Bernayeiue‚
641 1737 711 1820 qui,
742 1742 779 1803 ut
801 1737 950 1821 equidem
971 1743 1050 1821 puto
1072 1738 1170 1824 (nihil
1192 1737 1274 1802 enim
1298 1735 1360 1800 hae
1381 1734 1421 1799 de

319 1866 354 1909 re
378 1846 446 1929 ipse
469 1847 657 1928 indicavit),
694 1849 727 1912 in
755 1855 866 1931 partes
895 1848 1021 1913 vocavit
1042 1848 1117 1913 libri
1141 1847 1273 1912 secundi
1295 1868 1322 1909 v.
1340 1850 1419 1912 806:
1544 1850 1545 1887 ³

321 1959 488 2044 caudaque
509 1961 643 2044 pavonis
665 1961 757 2045 larga
779 1982 853 2026 cum
875 1959 944 2025 luce
965 1960 1130 2045 repletam,
1153 1960 1200 2024 ita
1222 1960 1285 2043 legi
1306 1958 1391 2025 vult:

454 2071 624 2155 Ocudaque
645 2092 804 2155 pavonum
828 2070 947 2136 ridenti
968 2071 1092 2136 imbuta
1113 2071 1222 2155 lepore

454 2185 555 2248 Onera
577 2206 657 2250 novo
679 2206 787 2250 rerum
810 2189 964 2269 superata
986 2184 1090 2249 colere
1112 2184 1255 2249 iacerent
1276 2187 1336 2247 etc.

405 2293 574 2359 Munreiue
597 2293 735 2377 denique
757 2315 844 2359 mere
866 2315 933 2374 suc,
956 2315 1056 2378 quum
1079 2293 1174 2358 aliter
1188 2313 1256 2357 rem
1272 2291 1422 2375 expedire

321 2426 385 2471 non
407 2411 513 2491 potest
535 2406 683 2472 lacunam
707 2409 823 2472 statuit
844 2408 929 2472 inter
951 2429 979 2471 v.
996 2412 1053 2472 501
1081 2411 1171 2472 tacta
1192 2405 1314 2486 colore,
1336 2409 1369 2468 et
1391 2425 1419 2468 v.

321 2523 382 2583 502
407 2538 506 2583 aurea
527 2539 698 2603 pavonum.
744 2519 859 2602 Itaque
881 2538 940 2583 noe
962 2538 1030 2583 rem
1053 2519 1098 2583 sic
1120 2517 1332 2582 instituimus:

450 2630 520 2693 Aut
541 2651 600 2714 quo
622 2649 783 2712 pavonum
805 2628 915 2694 rident
935 2627 1060 2694 imbuta
1082 2627 1190 2712 lepore

450 2740 564 2806 Saecla
586 2746 619 2807 ct
636 2763 671 2827 ¹q.
695 2762 718 2806 a.

410 2850 496 2916 Dicit
517 2852 616 2935 igitur
637 2856 749 2936 poeta,
787 2856 891 2915 vestes
918 2849 1103 2916 barbaricae
1131 2854 1164 2915 et
1184 2868 1345 2933 purpuras
1366 2851 1422 2915 aut

322 2964 465 3047 leporem
487 2983 581 3043 eum,
619 2984 682 3047 quo
711 2963 837 3027 imbuta
863 2981 1022 3046 pavonum
1052 2962 1157 3026 saecla
1180 2960 1307 3040 rident,
1341 2979 1422 3026 novo

321 3074 462 3159 quodam
485 3072 589 3139 colore
611 3077 765 3157 superata
785 3073 900 3138 iacere.
945 3073 998 3138 Ita
1018 3071 1141 3149 rideat,
1172 3071 1313 3156 quodie
1335 3076 1422 3136 utre

321 3210 382 3274 que
405 3188 513 3254 codice
535 3192 605 3268 est,
642 3207 807 3252 servamus
832 3206 937 3270 neque
967 3186 1143 3270 quidquam
1172 3191 1335 3250 mutamus
1361 3183 1424 3248 nisi

320 3301 415 3368 illud:
440 3323 549 3366 caree.
598 3299 730 3365 Accedit
751 3299 838 3383 quod
858 3299 967 3364 ridens
988 3299 1137 3365 adiectivi
1158 3299 1262 3364 instar
1282 3299 1423 3383 pesitum

320 3435 378 3497 pro
406 3411 590 3496 splendidae
612 3430 773 3493 nusquam
795 3411 881 3494 apud
901 3409 1087 3476 Lucretium
1110 3409 1262 3493 legimue3
1295 3408 1424 3492 saepius

321 3531 435 3592 contra
456 3523 570 3602 ridere,
593 3528 631 3588 ut
651 3524 715 3588 vim
737 3522 858 3589 habeat
879 3523 1078 3607 splendendi.
1109 3521 1149 3588 cf.
1174 3523 1228 3603 IV,
1252 3526 1294 3589 80
1315 3521 1424 3587 locum

321 3638 396 3703 huic
424 3637 622 3703 simillimum
649 3636 780 3722 perfusa
801 3637 910 3721 lepore
932 3637 1042 3701 omnia
1063 3636 1238 3716 corrident;
1260 3635 1315 3716 IV,
1342 3638 1421 3697 1117

320 3751 455 3836 pulchra
481 3751 517 3815 in
542 3749 679 3835 pedibus
707 3749 857 3834 Sicyonia
884 3749 1006 3831 rident3
1042 3749 1101 3830 111,
1126 3752 1167 3831 22
1190 3749 1281 3834 large
1303 3747 1420 3815 diffuso

321 3862 441 3931 lumine
463 3860 581 3927 rident.

407 3973 454 4038 De
476 3973 686 4037 attractione:
717 3992 780 4055 quo
803 3971 912 4055 lepore
935 3970 1058 4037 imbuta
1080 3972 1204 4052 rident,
1234 3991 1310 4057 pro:
1333 3971 1426 4057 lepor

320 4109 384 4173 quo
406 4088 530 4153 imbuta
552 4086 677 4167 rident,
700 4085 740 4149 cf.
756 4084 884 4149 Lucrct.
910 4084 950 4164 ll,
973 4089 1050 4150 734:
1074 4084 1180 4150 locum
1202 4084 1278 4150 huic
1300 4084 1426 4150 similli-

320 4219 425 4264 mum:
463 4198 544 4263 Nive
566 4196 664 4262 alium
686 4197 846 4280 quemvis,
870 4218 933 4281 quo
956 4204 1032 4263 sunt
1053 4198 1178 4264 imbuta
1199 4198 1321 4279 colere,
1344 4218 1423 4282 pro:

320 4311 393 4379 nive
414 4309 514 4375 alium
536 4310 679 4392 quemvis
701 4309 857 4391 colorem,
889 4331 953 4395 quo
974 4310 1100 4376 imbuta
1121 4316 1206 4377 sunt.
1251 4310 1351 4376 Cuius
1374 4314 1426 4374 at·
