3117 5134
682 472 720 532 17

151 660 231 744 γεῖς,
260 657 369 723 κλῖναι
390 656 650 743 Μελησιουργεῖς
672 660 732 720 etc.
755 658 820 737 (est
841 653 938 719 index
959 675 1067 720 rerum
1089 654 1254 721 Minervae

152 776 431 850 consecratarum).
484 769 523 833 cf.
554 769 661 833 Revue
688 764 942 849 Archeologique
971 786 1000 830 a.
1029 769 1108 829 1845
1139 788 1168 849 p.
1191 769 1252 830 325

150 884 246 949 lettre
267 884 288 948 a
310 884 352 948 Μ.
376 883 416 947 de
439 882 563 965 Sauley.

236 997 327 1062 Lecti
355 996 550 1062 tricliniares
580 993 650 1059 loco
679 1012 774 1076 quem
798 996 975 1055 tractamus
998 991 1117 1075 optime
1139 1010 1255 1055 conve·

151 1108 261 1188 niunt,
288 1129 387 1192 quum
410 1128 520 1186 versu,
549 1104 605 1189 qui
627 1102 772 1187 proxime
797 1101 942 1184 sequitur
966 1103 1096 1183 (1123),
1119 1101 1159 1167 de
1181 1121 1255 1165 con·

151 1219 252 1299 viriis,
274 1219 393 1284 eximia
414 1224 501 1283 veste
523 1221 557 1281 et
577 1216 664 1279 victu
686 1213 861 1291 instructis,
884 1232 989 1278 sermo
1011 1213 1062 1277 sit

282 1385 341 1465 ΙΙΙ,
364 1390 382 1448 7
393 1405 401 1449 :
440 1382 569 1467 (lycum,
592 1385 650 1444 aut
672 1376 848 1462 quidnam
871 1373 1017 1440 tremulis
1038 1373 1144 1439 faeere
1166 1377 1255 1438 artu·

426 1496 503 1589 Qus
524 1492 621 1558 haedi
644 1498 704 1556 etc.

240 1633 429 1715 Quanquam
460 1649 584 1694 versum
613 1627 795 1710 legentibus
821 1625 901 1690 illud
935 1644 1010 1687 acm
1040 1622 1119 1686 satis
1146 1641 1256 1705 super-

135 1743 253 1809 duum
277 1743 401 1806 videtur
423 1748 533 1806 tamen
556 1739 636 1803 nihil
659 1759 770 1802 versus
792 1736 976 1800 offensionis
998 1734 1105 1799 habet.
1150 1732 1256 1816 Scrip-
1292 1759 1295 1765 ¹

153 1860 262 1919 turam
283 1874 358 1919 vero
381 1852 525 1917 codicum
548 1851 603 1933 qui
626 1849 809 1913 accuratius
831 1847 1025 1930 respiciunt,
1062 1845 1092 1909 ei
1120 1844 1257 1911 vocabu-

153 1967 229 2047 lum,
252 1966 337 2050 quod
359 1971 408 2029 est
429 1965 545 2048 cycnis,
567 1963 602 2025 in
624 1967 737 2025 neutro
758 1959 868 2024 codice
882 1958 1056 2035 invenient,
1079 1976 1177 2039 quum
1193 1954 1257 2019 Ob·

154 2076 266 2162 longus
289 2077 417 2161 cycniis,
441 2072 625 2154 Quadratus
647 2072 726 2135 satis
748 2071 864 2134 miram
879 2056 1070 2151 scripturam
1085 2065 1254 2152 praebeat:

59 2220 61 2225 ⁴
154 2187 256 2252 ciniis.

240 2299 411 2363 Praeterea
434 2318 498 2362 non
521 2297 601 2361 satis
623 2302 735 2381 aptum
763 2296 906 2375 videtur,
942 2293 1026 2378 quod
1056 2296 1170 2377 poeta,
1201 2293 1256 2376 qui

155 2408 228 2473 aliis
249 2409 327 2472 locis
349 2413 379 2488 4,
407 2412 464 2472 181
490 2412 523 2472 et
545 2392 608 2472 91'0
630 2428 724 2471 suum
746 2411 877 2471 cantum
898 2426 970 2470 cum
993 2426 1092 2488 cyano
1115 2403 1255 2487 quodam

158 2518 253 2587 modo
275 2525 452 2603 comparat,
475 2519 506 2583 h.
530 2517 552 2583 l.
576 2519 751 2603 Epicurum
773 2539 906 2602 cycnum
928 2538 969 2581 ne
990 2518 1112 2582 imitari
1128 2516 1259 2599 quidem

160 2632 266 2697 audet.
312 2631 346 2696 Si
368 2632 467 2714 igitur
496 2628 577 2696 illud
607 2653 681 2694 nom
705 2629 791 2714 quod
814 2631 886 2694 aliis
908 2649 1035 2713 quoque
1057 2628 1136 2694 locis
1158 2628 1259 2708 abest,

103 2794 105 2800 ι
148 2744 249 2809 ¹velut
269 2745 308 2824 V,
333 2747 372 2808 23
396 2745 472 2828 quid
495 2743 577 2808 caim
600 2743 726 2808 obesset
748 2743 856 2808 hiatus
883 2743 938 2807 ille
967 2743 1085 2824 leonis,
1121 2743 1260 2826 denique

160 2854 239 2939 quid
267 2855 382 2920 Cretae
409 2862 522 2920 taurus
551 2861 611 2921 etc.
636 2856 783 2934 emimus,
820 2875 947 2919 versum
968 2853 1121 2919 efficimus
1151 2854 1260 2919 huius-

53 2987 56 2993 ’
160 2962 268 3028 modi:

290 3073 475 3159 [Lus]ciniis
497 3080 555 3139 ant
577 3075 654 3158 quid
677 3074 825 3138 tremulis
847 3073 953 3137 facere
975 3072 1110 3137 artubus
1133 3072 1237 3137 haedi.

245 3209 359 3275 Tribus
381 3210 484 3275 literis
505 3210 665 3295 prioribus
696 3211 872 3294 deperditis
902 3211 984 3275 illud
1018 3232 1093 3274 nom
1122 3211 1164 3276 ad
1192 3232 1262 3276 ver-

25 3342 30 3349 ·
160 3344 232 3388 sum
253 3323 447 3407 explendum
468 3322 617 3388 additum
636 3324 773 3389 videtur.
819 3324 910 3403 Quod
934 3324 961 3388 si
982 3344 1091 3388 verum
1108 3330 1166 3403 est,
1189 3346 1263 3408 pro·

161 3435 234 3518 pius
256 3435 347 3499 abest
374 3455 395 3498 a
423 3455 498 3500 vero
521 3433 726 3513 Quadratus,
765 3434 902 3517 vestigia
930 3439 1040 3497 tamen
1067 3434 1133 3498 veri
1163 3435 1261 3500 etiam

163 3543 326 3627 Oblongus
347 3545 482 3609 retinuit
503 3546 680 3628 scriptura:
707 3544 837 3627 cycniis.

248 3655 453 3740 Comparatio
476 3660 584 3722 autem
607 3655 792 3721 hirundinis
814 3677 887 3721 oum
916 3655 1060 3722 lusciniis
1081 3663 1154 3723 orta
1175 3660 1263 3726 vide·

160 3770 216 3831 tur
237 3771 270 3831 et
292 3787 331 3832 ex
353 3772 467 3831 cantus
489 3766 749 3832 dissimilitudine
772 3772 805 3831 et
827 3788 867 3831 ex
889 3769 1079 3852 cognatione
1101 3777 1264 3837 esenten·

160 3879 209 3943 tia
230 3883 374 3943 veterum
397 3880 482 3944 inter
504 3884 675 3963 utramque
698 3898 790 3944 avem
818 3880 1055 3963 intercedente;
1094 3882 1134 3947 cf.
1158 3883 1263 3949 Schol.

162 3990 205 4055 ad
232 3977 379 4075 Sophoel.
410 3992 529 4056 Electr.
564 3997 622 4057 147
646 3991 696 4056 ff.:
735 3985 834 4057 adrui
868 3991 906 4058 δὲ
940 3992 1040 4074 (filiae
1071 3994 1261 4073 Pandionis)

161 4101 425 4188 μεταβληθεῖσαι
446 4096 494 4180 εἰς
515 4093 611 4189 ὄρνεα
633 4096 653 4188 ἡ
675 4101 735 4185 μὲν
757 4097 805 4181 εἰς
826 4097 969 4191 ἀηδόνα,
1007 4098 1027 4192 ἦ
1051 4104 1088 4170 δὲ
1109 4101 1157 4184 εἷς
1175 4106 1265 4189 χελι-

162 4207 242 4276 δόνα
265 4262 272 4276 .
296 4262 303 4276 .
329 4263 336 4277 .
360 4263 367 4276 .
391 4217 451 4277 τοῦ
472 4208 568 4299 ἔαρος
589 4211 627 4279 δέ
648 4210 738 4278 ἐστιν
759 4207 779 4300 ἡ
800 4208 937 4295 χελιδών
958 4204 1094 4298 ἅγγὲλος
1114 4210 1172 4280 καί
1192 4213 1265 4283 ἐστι

161 4323 343 4412 κεκομμὲνη
371 4320 430 4411 τὴν
459 4325 607 4409 γλῶτταν
636 4322 692 4388 καὶ
722 4319 882 4411 ψελλίζει.
940 4324 1114 4391 Praeterea
1145 4348 1265 4407 versure,

1020 4449 1037 4499 2
