3117 5134
273 1460 345 1527 Non
367 1479 503 1545 parvum
523 1460 558 1526 in
580 1460 785 1546 philosophia
806 1481 1010 1547 progressum
1033 1461 1195 1546 sophistae
1209 1459 1292 1526 fece·

144 1625 151 1641 ,.
188 1577 281 1655 runt,
313 1573 399 1658 quod
421 1593 474 1638 res
496 1594 562 1639 non
583 1595 641 1658 per
662 1595 711 1656 se,
746 1574 802 1666 sed
832 1574 875 1640 ad
904 1595 962 1640 nos
986 1574 1107 1639 relatas
1128 1578 1292 1659 spectare-

188 1689 274 1766 runt,
293 1683 444 1769 quodque
466 1690 576 1750 utrum
597 1706 787 1771 cognoscere
809 1707 863 1752 res
888 1706 1053 1771 possemus
1074 1705 1174 1751 neone
1196 1705 1293 1769 quae

188 1799 332 1865 siverunt
361 1819 399 1864 ao
431 1798 472 1864 de
502 1798 645 1865 fontibus
681 1805 714 1865 ot
746 1799 811 1865 fide
844 1799 1036 1884 cognitionis
1065 1803 1310 1884 exposuerunt,

189 1930 287 1994 quum
311 1911 509 1995 antiquiores
530 1911 714 1997 philosophi
736 1914 885 1980 omnibus
906 1913 1002 1980 rebus
1023 1912 1218 1998 posthabitis
1239 1933 1294 1978 ex·

188 2023 317 2106 plorare
339 2023 522 2106 studerent,
545 2024 630 2091 unde
652 2027 761 2092 omnia
777 2032 965 2093 orerentur.
1010 2026 1074 2092 Sed
1102 2026 1206 2109 magis
1227 2025 1293 2091 exi·

188 2137 256 2201 mia
277 2135 348 2201 laus
369 2137 435 2201 iam
457 2137 636 2221 antiquitus
657 2138 812 2205 tribuitur
834 2140 974 2220 Socrati,
1004 2141 1123 2224 quippe
1145 2140 1201 2225 qui
1222 2138 1293 2224 phi-

190 2244 378 2330 losophiam,
400 2267 509 2312 rerum
529 2249 660 2333 penitus
682 2249 904 2314 abstrusorum
925 2232 1176 2332 indagatricem,
1199 2249 1294 2315 dero·

70 2450 72 2456 k
188 2359 271 2423 carit
292 2379 309 2422 e
331 2358 419 2424 coelo
443 2363 475 2423 et
496 2358 530 2423 in
551 2358 684 2426 urbibus
705 2361 879 2426 collocarit.

275 2473 367 2551 Quod
394 2472 644 2558 philosophandi
677 2495 778 2557 genus
812 2475 845 2539 in
881 2495 988 2539 rerum
1023 2475 1294 2558 contemplatione

189 2587 331 2670 positum
352 2585 536 2671 philosophi
557 2588 613 2671 qui
633 2592 708 2672 post
723 2587 928 2653 Aristotelem
950 2593 1054 2668 erant,
1077 2588 1125 2653 ita
1145 2589 1294 2670 neglexe-

189 2705 275 2780 runt,
298 2706 336 2764 ut
356 2705 442 2766 totos
464 2721 498 2766 se
519 2702 553 2766 in
575 2702 697 2784 optimo
720 2702 807 2765 vitae
829 2704 918 2766 statu
940 2700 1137 2784 exquirendo
1159 2700 1295 2766 colloca·

190 2817 271 2876 rent.
316 2811 404 2895 Quin,
423 2832 461 2876 eo
482 2811 637 2895 prooessit
658 2810 833 2893 Epiruma,
866 2817 904 2875 ut
924 2810 1057 2894 physica
1078 2810 1150 2876 ideo
1174 2809 1295 2874 diceret

190 2923 363 2989 tractanda
384 2944 463 3002 esse,
485 2928 523 2988 ut
536 2921 682 2988 hominos
697 2920 825 3002 fabulis,
848 2923 964 3005 quibus
980 2927 1189 3004 terrerentur,
1210 2943 1294 2987 mor-

190 3035 295 3119 tisque
317 3039 407 3100 metu
427 3033 558 3101 liberati
578 3032 790 3116 tranquillam
813 3034 913 3098 vitam
936 3034 1051 3118 degere
1072 3041 1222 3119 possent,
1259 3035 1293 3100 id

190 3145 275 3229 quod
298 3166 319 3211 a
340 3145 506 3227 Lucretio,
540 3146 596 3230 qui
617 3145 750 3230 physica
771 3146 921 3230 inprimis
943 3146 1133 3228 illustravit,
1166 3147 1294 3231 saepius

190 3256 392 3324 dictumest.
612 3256 688 3359 ‘f‘

274 3370 341 3436 Nec
363 3375 490 3452 tamen,
519 3370 606 3455 quod
615 3340 716 3477 filgo
737 3370 860 3451 fertur,
890 3371 1056 3437 credemus
1077 3370 1293 3455 philosophos,

190 3481 246 3566 qui
267 3501 375 3546 rerum
397 3487 548 3547 naturam
571 3482 818 3567 investigabant,
842 3482 1057 3567 disciplinam,
1080 3504 1162 3566 quae
1185 3483 1225 3549 de
1247 3484 1293 3548 vi·

189 3599 229 3660 ta
247 3602 280 3661 et
300 3594 443 3662 moribus
466 3593 625 3678 rebusque
648 3593 741 3660 bonis
762 3598 796 3659 et
817 3593 912 3658 malis
934 3594 1070 3677 quaerit,
1094 3614 1225 3676 prorsus
1239 3613 1293 3658 ue-

189 3707 334 3792 glexisse.
379 3707 471 3785 Quod
494 3727 593 3790 quum
615 3726 673 3790 per
695 3726 728 3771 se
750 3704 903 3771 credibile
925 3709 988 3785 est,
1027 3709 1096 3768 tum
1126 3704 1166 3769 de
1189 3705 1292 3769 Hera-

189 3820 265 3886 clito
303 3825 337 3887 et
363 3820 547 3887 Democrito
584 3820 679 3885 certis
713 3819 905 3903 quibusdam
936 3818 1135 3901 argumentis
1164 3818 1292 3884 demon-

190 3934 288 4000 strari
313 3938 435 4019 potest3
472 3933 558 4017 quod
581 3932 712 4017 quidem
734 3953 773 3998 ex
793 3931 983 4015 fragmentis
1005 3929 1176 4010 Heracliti,
1209 3950 1291 4014 quae

190 4049 362 4114 admodum
391 4068 496 4133 pauca
522 4051 705 4129 temporum
733 4045 855 4110 invidia
890 4043 982 4110 uobis
1011 4043 1185 4124 concessit,
1228 4063 1292 4107 non

191 4160 303 4226 elucet.
347 4161 410 4226 Sed
440 4160 526 4245 quod
555 4159 756 4225 Heraclitum
787 4163 879 4223 actus
905 4157 1071 4222 hominum
1099 4176 1208 4221 omnes
1236 4155 1292 4221 fle

189 4271 275 4337 risse
293 4271 401 4337 ferunt
422 4271 542 4352 (Schol.
565 4271 608 4337 ad
628 4272 740 4337 Juven.
763 4270 831 4336 Sat.
854 4271 893 4350 X,
916 4273 992 4350 28),
1031 4269 1108 4353 qnid
1130 4268 1221 4334 aliud
1242 4270 1292 4333 in·
1325 4317 1331 4329 .

123 4378 132 4393 '
190 4383 277 4451 dicat
298 4403 395 4468 quam
418 4383 544 4450 tristem
566 4383 635 4450 eius
656 4384 697 4449 de
718 4382 863 4448 humana
885 4380 1068 4447 conditione
1083 4381 1291 4461 sententiam3

1032 4501 1063 4555 1*
